<?xml version="1.0" encoding="UTF-8"?>
<Document xmlns="urn:iso:std:iso:20022:tech:xsd:pain.001.001.09">
  <CstmrCdtTrfInitn>
    <GrpHdr>
      <MsgId>FHEVM-MAR-2026-050</MsgId>
      <CreDtTm>2026-03-31T09:00:00Z</CreDtTm>
      <NbOfTxs>50</NbOfTxs>
      <CtrlSum>668500.00</CtrlSum>
      <InitgPty>
        <Nm>FHEVM DAO</Nm>
      </InitgPty>
    </GrpHdr>
    <PmtInf>
      <PmtInfId>FHEVM-MAR-2026-050-P1</PmtInfId>
      <PmtMtd>TRF</PmtMtd>
      <ReqdExctnDt>2026-03-31</ReqdExctnDt>
      <Dbtr>
        <Nm>FHEVM DAO</Nm>
      </Dbtr>
      <DbtrAcct>
        <Id>
          <IBAN>DEMO_COMPANY_IBAN</IBAN>
        </Id>
      </DbtrAcct>
      <DbtrAgt>
        <FinInstnId>
          <BICFI>DEMOUS33XXX</BICFI>
        </FinInstnId>
      </DbtrAgt>
      <ChrgBr>SLEV</ChrgBr>
      <CdtTrfTxInf>
        <PmtId>
          <EndToEndId>FHE-CNT-001</EndToEndId>
        </PmtId>
        <Amt>
          <InstdAmt Ccy="USD">7000.00</InstdAmt>
        </Amt>
        <Cdtr>
          <Nm>Contributor 001 (CEO)</Nm>
        </Cdtr>
        <CdtrAcct>
          <Id>
            <Othr>
              <Id>0x08f8EaeC894Fdb6F2e6D8526dB2bf543DAcc9a41</Id>
            </Othr>
          </Id>
        </CdtrAcct>
      </CdtTrfTxInf>
      <CdtTrfTxInf>
        <PmtId>
          <EndToEndId>FHE-CNT-002</EndToEndId>
        </PmtId>
        <Amt>
          <InstdAmt Ccy="USD">7260.00</InstdAmt>
        </Amt>
        <Cdtr>
          <Nm>Contributor 002 (CTO)</Nm>
        </Cdtr>
        <CdtrAcct>
          <Id>
            <Othr>
              <Id>0x134B68ff311DC9e0c7108F3aE690B913dC03dD5B</Id>
            </Othr>
          </Id>
        </CdtrAcct>
      </CdtTrfTxInf>
      <CdtTrfTxInf>
        <PmtId>
          <EndToEndId>FHE-CNT-003</EndToEndId>
        </PmtId>
        <Amt>
          <InstdAmt Ccy="USD">7520.00</InstdAmt>
        </Amt>
        <Cdtr>
          <Nm>Contributor 003 (Engineering Manager)</Nm>
        </Cdtr>
        <CdtrAcct>
          <Id>
            <Othr>
              <Id>0xcDB2796aB24E3980Ef25344Ce331b932c03baBe3</Id>
            </Othr>
          </Id>
        </CdtrAcct>
      </CdtTrfTxInf>
      <CdtTrfTxInf>
        <PmtId>
          <EndToEndId>FHE-CNT-004</EndToEndId>
        </PmtId>
        <Amt>
          <InstdAmt Ccy="USD">7780.00</InstdAmt>
        </Amt>
        <Cdtr>
          <Nm>Contributor 004 (Software Engineer)</Nm>
        </Cdtr>
        <CdtrAcct>
          <Id>
            <Othr>
              <Id>0x141A175B5F443a0D7057B13E50f1DaEC15223180</Id>
            </Othr>
          </Id>
        </CdtrAcct>
      </CdtTrfTxInf>
      <CdtTrfTxInf>
        <PmtId>
          <EndToEndId>FHE-CNT-005</EndToEndId>
        </PmtId>
        <Amt>
          <InstdAmt Ccy="USD">8040.00</InstdAmt>
        </Amt>
        <Cdtr>
          <Nm>Contributor 005 (Software Engineer)</Nm>
        </Cdtr>
        <CdtrAcct>
          <Id>
            <Othr>
              <Id>0x63e1Ed4075AfDB5c9B59b4Fa2A242bBF99543C5B</Id>
            </Othr>
          </Id>
        </CdtrAcct>
      </CdtTrfTxInf>
      <CdtTrfTxInf>
        <PmtId>
          <EndToEndId>FHE-CNT-006</EndToEndId>
        </PmtId>
        <Amt>
          <InstdAmt Ccy="USD">8300.00</InstdAmt>
        </Amt>
        <Cdtr>
          <Nm>Contributor 006 (Software Engineer)</Nm>
        </Cdtr>
        <CdtrAcct>
          <Id>
            <Othr>
              <Id>0x0000000000000000000000000000000000002716</Id>
            </Othr>
          </Id>
        </CdtrAcct>
      </CdtTrfTxInf>
      <CdtTrfTxInf>
        <PmtId>
          <EndToEndId>FHE-CNT-007</EndToEndId>
        </PmtId>
        <Amt>
          <InstdAmt Ccy="USD">8560.00</InstdAmt>
        </Amt>
        <Cdtr>
          <Nm>Contributor 007 (Software Engineer)</Nm>
        </Cdtr>
        <CdtrAcct>
          <Id>
            <Othr>
              <Id>0x0000000000000000000000000000000000002717</Id>
            </Othr>
          </Id>
        </CdtrAcct>
      </CdtTrfTxInf>
      <CdtTrfTxInf>
        <PmtId>
          <EndToEndId>FHE-CNT-008</EndToEndId>
        </PmtId>
        <Amt>
          <InstdAmt Ccy="USD">8820.00</InstdAmt>
        </Amt>
        <Cdtr>
          <Nm>Contributor 008 (Software Engineer)</Nm>
        </Cdtr>
        <CdtrAcct>
          <Id>
            <Othr>
              <Id>0x0000000000000000000000000000000000002718</Id>
            </Othr>
          </Id>
        </CdtrAcct>
      </CdtTrfTxInf>
      <CdtTrfTxInf>
        <PmtId>
          <EndToEndId>FHE-CNT-009</EndToEndId>
        </PmtId>
        <Amt>
          <InstdAmt Ccy="USD">9080.00</InstdAmt>
        </Amt>
        <Cdtr>
          <Nm>Contributor 009 (Software Engineer)</Nm>
        </Cdtr>
        <CdtrAcct>
          <Id>
            <Othr>
              <Id>0x0000000000000000000000000000000000002719</Id>
            </Othr>
          </Id>
        </CdtrAcct>
      </CdtTrfTxInf>
      <CdtTrfTxInf>
        <PmtId>
          <EndToEndId>FHE-CNT-010</EndToEndId>
        </PmtId>
        <Amt>
          <InstdAmt Ccy="USD">9340.00</InstdAmt>
        </Amt>
        <Cdtr>
          <Nm>Contributor 010 (Software Engineer)</Nm>
        </Cdtr>
        <CdtrAcct>
          <Id>
            <Othr>
              <Id>0x000000000000000000000000000000000000271a</Id>
            </Othr>
          </Id>
        </CdtrAcct>
      </CdtTrfTxInf>
      <CdtTrfTxInf>
        <PmtId>
          <EndToEndId>FHE-CNT-011</EndToEndId>
        </PmtId>
        <Amt>
          <InstdAmt Ccy="USD">9600.00</InstdAmt>
        </Amt>
        <Cdtr>
          <Nm>Contributor 011 (Software Engineer)</Nm>
        </Cdtr>
        <CdtrAcct>
          <Id>
            <Othr>
              <Id>0x000000000000000000000000000000000000271b</Id>
            </Othr>
          </Id>
        </CdtrAcct>
      </CdtTrfTxInf>
      <CdtTrfTxInf>
        <PmtId>
          <EndToEndId>FHE-CNT-012</EndToEndId>
        </PmtId>
        <Amt>
          <InstdAmt Ccy="USD">9860.00</InstdAmt>
        </Amt>
        <Cdtr>
          <Nm>Contributor 012 (Software Engineer)</Nm>
        </Cdtr>
        <CdtrAcct>
          <Id>
            <Othr>
              <Id>0x000000000000000000000000000000000000271c</Id>
            </Othr>
          </Id>
        </CdtrAcct>
      </CdtTrfTxInf>
      <CdtTrfTxInf>
        <PmtId>
          <EndToEndId>FHE-CNT-013</EndToEndId>
        </PmtId>
        <Amt>
          <InstdAmt Ccy="USD">10120.00</InstdAmt>
        </Amt>
        <Cdtr>
          <Nm>Contributor 013 (Software Engineer)</Nm>
        </Cdtr>
        <CdtrAcct>
          <Id>
            <Othr>
              <Id>0x000000000000000000000000000000000000271d</Id>
            </Othr>
          </Id>
        </CdtrAcct>
      </CdtTrfTxInf>
      <CdtTrfTxInf>
        <PmtId>
          <EndToEndId>FHE-CNT-014</EndToEndId>
        </PmtId>
        <Amt>
          <InstdAmt Ccy="USD">10380.00</InstdAmt>
        </Amt>
        <Cdtr>
          <Nm>Contributor 014 (Software Engineer)</Nm>
        </Cdtr>
        <CdtrAcct>
          <Id>
            <Othr>
              <Id>0x000000000000000000000000000000000000271e</Id>
            </Othr>
          </Id>
        </CdtrAcct>
      </CdtTrfTxInf>
      <CdtTrfTxInf>
        <PmtId>
          <EndToEndId>FHE-CNT-015</EndToEndId>
        </PmtId>
        <Amt>
          <InstdAmt Ccy="USD">10640.00</InstdAmt>
        </Amt>
        <Cdtr>
          <Nm>Contributor 015 (Software Engineer)</Nm>
        </Cdtr>
        <CdtrAcct>
          <Id>
            <Othr>
              <Id>0x000000000000000000000000000000000000271f</Id>
            </Othr>
          </Id>
        </CdtrAcct>
      </CdtTrfTxInf>
      <CdtTrfTxInf>
        <PmtId>
          <EndToEndId>FHE-CNT-016</EndToEndId>
        </PmtId>
        <Amt>
          <InstdAmt Ccy="USD">10900.00</InstdAmt>
        </Amt>
        <Cdtr>
          <Nm>Contributor 016 (Software Engineer)</Nm>
        </Cdtr>
        <CdtrAcct>
          <Id>
            <Othr>
              <Id>0x0000000000000000000000000000000000002720</Id>
            </Othr>
          </Id>
        </CdtrAcct>
      </CdtTrfTxInf>
      <CdtTrfTxInf>
        <PmtId>
          <EndToEndId>FHE-CNT-017</EndToEndId>
        </PmtId>
        <Amt>
          <InstdAmt Ccy="USD">11160.00</InstdAmt>
        </Amt>
        <Cdtr>
          <Nm>Contributor 017 (Software Engineer)</Nm>
        </Cdtr>
        <CdtrAcct>
          <Id>
            <Othr>
              <Id>0x0000000000000000000000000000000000002721</Id>
            </Othr>
          </Id>
        </CdtrAcct>
      </CdtTrfTxInf>
      <CdtTrfTxInf>
        <PmtId>
          <EndToEndId>FHE-CNT-018</EndToEndId>
        </PmtId>
        <Amt>
          <InstdAmt Ccy="USD">11420.00</InstdAmt>
        </Amt>
        <Cdtr>
          <Nm>Contributor 018 (Software Engineer)</Nm>
        </Cdtr>
        <CdtrAcct>
          <Id>
            <Othr>
              <Id>0x0000000000000000000000000000000000002722</Id>
            </Othr>
          </Id>
        </CdtrAcct>
      </CdtTrfTxInf>
      <CdtTrfTxInf>
        <PmtId>
          <EndToEndId>FHE-CNT-019</EndToEndId>
        </PmtId>
        <Amt>
          <InstdAmt Ccy="USD">11680.00</InstdAmt>
        </Amt>
        <Cdtr>
          <Nm>Contributor 019 (Software Engineer)</Nm>
        </Cdtr>
        <CdtrAcct>
          <Id>
            <Othr>
              <Id>0x0000000000000000000000000000000000002723</Id>
            </Othr>
          </Id>
        </CdtrAcct>
      </CdtTrfTxInf>
      <CdtTrfTxInf>
        <PmtId>
          <EndToEndId>FHE-CNT-020</EndToEndId>
        </PmtId>
        <Amt>
          <InstdAmt Ccy="USD">11940.00</InstdAmt>
        </Amt>
        <Cdtr>
          <Nm>Contributor 020 (Software Engineer)</Nm>
        </Cdtr>
        <CdtrAcct>
          <Id>
            <Othr>
              <Id>0x0000000000000000000000000000000000002724</Id>
            </Othr>
          </Id>
        </CdtrAcct>
      </CdtTrfTxInf>
      <CdtTrfTxInf>
        <PmtId>
          <EndToEndId>FHE-CNT-021</EndToEndId>
        </PmtId>
        <Amt>
          <InstdAmt Ccy="USD">12200.00</InstdAmt>
        </Amt>
        <Cdtr>
          <Nm>Contributor 021 (Software Engineer)</Nm>
        </Cdtr>
        <CdtrAcct>
          <Id>
            <Othr>
              <Id>0x0000000000000000000000000000000000002725</Id>
            </Othr>
          </Id>
        </CdtrAcct>
      </CdtTrfTxInf>
      <CdtTrfTxInf>
        <PmtId>
          <EndToEndId>FHE-CNT-022</EndToEndId>
        </PmtId>
        <Amt>
          <InstdAmt Ccy="USD">12460.00</InstdAmt>
        </Amt>
        <Cdtr>
          <Nm>Contributor 022 (Software Engineer)</Nm>
        </Cdtr>
        <CdtrAcct>
          <Id>
            <Othr>
              <Id>0x0000000000000000000000000000000000002726</Id>
            </Othr>
          </Id>
        </CdtrAcct>
      </CdtTrfTxInf>
      <CdtTrfTxInf>
        <PmtId>
          <EndToEndId>FHE-CNT-023</EndToEndId>
        </PmtId>
        <Amt>
          <InstdAmt Ccy="USD">12720.00</InstdAmt>
        </Amt>
        <Cdtr>
          <Nm>Contributor 023 (Software Engineer)</Nm>
        </Cdtr>
        <CdtrAcct>
          <Id>
            <Othr>
              <Id>0x0000000000000000000000000000000000002727</Id>
            </Othr>
          </Id>
        </CdtrAcct>
      </CdtTrfTxInf>
      <CdtTrfTxInf>
        <PmtId>
          <EndToEndId>FHE-CNT-024</EndToEndId>
        </PmtId>
        <Amt>
          <InstdAmt Ccy="USD">12980.00</InstdAmt>
        </Amt>
        <Cdtr>
          <Nm>Contributor 024 (Software Engineer)</Nm>
        </Cdtr>
        <CdtrAcct>
          <Id>
            <Othr>
              <Id>0x0000000000000000000000000000000000002728</Id>
            </Othr>
          </Id>
        </CdtrAcct>
      </CdtTrfTxInf>
      <CdtTrfTxInf>
        <PmtId>
          <EndToEndId>FHE-CNT-025</EndToEndId>
        </PmtId>
        <Amt>
          <InstdAmt Ccy="USD">13240.00</InstdAmt>
        </Amt>
        <Cdtr>
          <Nm>Contributor 025 (Software Engineer)</Nm>
        </Cdtr>
        <CdtrAcct>
          <Id>
            <Othr>
              <Id>0x0000000000000000000000000000000000002729</Id>
            </Othr>
          </Id>
        </CdtrAcct>
      </CdtTrfTxInf>
      <CdtTrfTxInf>
        <PmtId>
          <EndToEndId>FHE-CNT-026</EndToEndId>
        </PmtId>
        <Amt>
          <InstdAmt Ccy="USD">13500.00</InstdAmt>
        </Amt>
        <Cdtr>
          <Nm>Contributor 026 (Software Engineer)</Nm>
        </Cdtr>
        <CdtrAcct>
          <Id>
            <Othr>
              <Id>0x000000000000000000000000000000000000272a</Id>
            </Othr>
          </Id>
        </CdtrAcct>
      </CdtTrfTxInf>
      <CdtTrfTxInf>
        <PmtId>
          <EndToEndId>FHE-CNT-027</EndToEndId>
        </PmtId>
        <Amt>
          <InstdAmt Ccy="USD">13760.00</InstdAmt>
        </Amt>
        <Cdtr>
          <Nm>Contributor 027 (Software Engineer)</Nm>
        </Cdtr>
        <CdtrAcct>
          <Id>
            <Othr>
              <Id>0x000000000000000000000000000000000000272b</Id>
            </Othr>
          </Id>
        </CdtrAcct>
      </CdtTrfTxInf>
      <CdtTrfTxInf>
        <PmtId>
          <EndToEndId>FHE-CNT-028</EndToEndId>
        </PmtId>
        <Amt>
          <InstdAmt Ccy="USD">14020.00</InstdAmt>
        </Amt>
        <Cdtr>
          <Nm>Contributor 028 (Software Engineer)</Nm>
        </Cdtr>
        <CdtrAcct>
          <Id>
            <Othr>
              <Id>0x000000000000000000000000000000000000272c</Id>
            </Othr>
          </Id>
        </CdtrAcct>
      </CdtTrfTxInf>
      <CdtTrfTxInf>
        <PmtId>
          <EndToEndId>FHE-CNT-029</EndToEndId>
        </PmtId>
        <Amt>
          <InstdAmt Ccy="USD">14280.00</InstdAmt>
        </Amt>
        <Cdtr>
          <Nm>Contributor 029 (Software Engineer)</Nm>
        </Cdtr>
        <CdtrAcct>
          <Id>
            <Othr>
              <Id>0x000000000000000000000000000000000000272d</Id>
            </Othr>
          </Id>
        </CdtrAcct>
      </CdtTrfTxInf>
      <CdtTrfTxInf>
        <PmtId>
          <EndToEndId>FHE-CNT-030</EndToEndId>
        </PmtId>
        <Amt>
          <InstdAmt Ccy="USD">14540.00</InstdAmt>
        </Amt>
        <Cdtr>
          <Nm>Contributor 030 (Software Engineer)</Nm>
        </Cdtr>
        <CdtrAcct>
          <Id>
            <Othr>
              <Id>0x000000000000000000000000000000000000272e</Id>
            </Othr>
          </Id>
        </CdtrAcct>
      </CdtTrfTxInf>
      <CdtTrfTxInf>
        <PmtId>
          <EndToEndId>FHE-CNT-031</EndToEndId>
        </PmtId>
        <Amt>
          <InstdAmt Ccy="USD">14800.00</InstdAmt>
        </Amt>
        <Cdtr>
          <Nm>Contributor 031 (Software Engineer)</Nm>
        </Cdtr>
        <CdtrAcct>
          <Id>
            <Othr>
              <Id>0x000000000000000000000000000000000000272f</Id>
            </Othr>
          </Id>
        </CdtrAcct>
      </CdtTrfTxInf>
      <CdtTrfTxInf>
        <PmtId>
          <EndToEndId>FHE-CNT-032</EndToEndId>
        </PmtId>
        <Amt>
          <InstdAmt Ccy="USD">15060.00</InstdAmt>
        </Amt>
        <Cdtr>
          <Nm>Contributor 032 (Software Engineer)</Nm>
        </Cdtr>
        <CdtrAcct>
          <Id>
            <Othr>
              <Id>0x0000000000000000000000000000000000002730</Id>
            </Othr>
          </Id>
        </CdtrAcct>
      </CdtTrfTxInf>
      <CdtTrfTxInf>
        <PmtId>
          <EndToEndId>FHE-CNT-033</EndToEndId>
        </PmtId>
        <Amt>
          <InstdAmt Ccy="USD">15320.00</InstdAmt>
        </Amt>
        <Cdtr>
          <Nm>Contributor 033 (Software Engineer)</Nm>
        </Cdtr>
        <CdtrAcct>
          <Id>
            <Othr>
              <Id>0x0000000000000000000000000000000000002731</Id>
            </Othr>
          </Id>
        </CdtrAcct>
      </CdtTrfTxInf>
      <CdtTrfTxInf>
        <PmtId>
          <EndToEndId>FHE-CNT-034</EndToEndId>
        </PmtId>
        <Amt>
          <InstdAmt Ccy="USD">15580.00</InstdAmt>
        </Amt>
        <Cdtr>
          <Nm>Contributor 034 (Software Engineer)</Nm>
        </Cdtr>
        <CdtrAcct>
          <Id>
            <Othr>
              <Id>0x0000000000000000000000000000000000002732</Id>
            </Othr>
          </Id>
        </CdtrAcct>
      </CdtTrfTxInf>
      <CdtTrfTxInf>
        <PmtId>
          <EndToEndId>FHE-CNT-035</EndToEndId>
        </PmtId>
        <Amt>
          <InstdAmt Ccy="USD">15840.00</InstdAmt>
        </Amt>
        <Cdtr>
          <Nm>Contributor 035 (Software Engineer)</Nm>
        </Cdtr>
        <CdtrAcct>
          <Id>
            <Othr>
              <Id>0x0000000000000000000000000000000000002733</Id>
            </Othr>
          </Id>
        </CdtrAcct>
      </CdtTrfTxInf>
      <CdtTrfTxInf>
        <PmtId>
          <EndToEndId>FHE-CNT-036</EndToEndId>
        </PmtId>
        <Amt>
          <InstdAmt Ccy="USD">16100.00</InstdAmt>
        </Amt>
        <Cdtr>
          <Nm>Contributor 036 (Software Engineer)</Nm>
        </Cdtr>
        <CdtrAcct>
          <Id>
            <Othr>
              <Id>0x0000000000000000000000000000000000002734</Id>
            </Othr>
          </Id>
        </CdtrAcct>
      </CdtTrfTxInf>
      <CdtTrfTxInf>
        <PmtId>
          <EndToEndId>FHE-CNT-037</EndToEndId>
        </PmtId>
        <Amt>
          <InstdAmt Ccy="USD">16360.00</InstdAmt>
        </Amt>
        <Cdtr>
          <Nm>Contributor 037 (Software Engineer)</Nm>
        </Cdtr>
        <CdtrAcct>
          <Id>
            <Othr>
              <Id>0x0000000000000000000000000000000000002735</Id>
            </Othr>
          </Id>
        </CdtrAcct>
      </CdtTrfTxInf>
      <CdtTrfTxInf>
        <PmtId>
          <EndToEndId>FHE-CNT-038</EndToEndId>
        </PmtId>
        <Amt>
          <InstdAmt Ccy="USD">16620.00</InstdAmt>
        </Amt>
        <Cdtr>
          <Nm>Contributor 038 (Software Engineer)</Nm>
        </Cdtr>
        <CdtrAcct>
          <Id>
            <Othr>
              <Id>0x0000000000000000000000000000000000002736</Id>
            </Othr>
          </Id>
        </CdtrAcct>
      </CdtTrfTxInf>
      <CdtTrfTxInf>
        <PmtId>
          <EndToEndId>FHE-CNT-039</EndToEndId>
        </PmtId>
        <Amt>
          <InstdAmt Ccy="USD">16880.00</InstdAmt>
        </Amt>
        <Cdtr>
          <Nm>Contributor 039 (Software Engineer)</Nm>
        </Cdtr>
        <CdtrAcct>
          <Id>
            <Othr>
              <Id>0x0000000000000000000000000000000000002737</Id>
            </Othr>
          </Id>
        </CdtrAcct>
      </CdtTrfTxInf>
      <CdtTrfTxInf>
        <PmtId>
          <EndToEndId>FHE-CNT-040</EndToEndId>
        </PmtId>
        <Amt>
          <InstdAmt Ccy="USD">17140.00</InstdAmt>
        </Amt>
        <Cdtr>
          <Nm>Contributor 040 (Software Engineer)</Nm>
        </Cdtr>
        <CdtrAcct>
          <Id>
            <Othr>
              <Id>0x0000000000000000000000000000000000002738</Id>
            </Othr>
          </Id>
        </CdtrAcct>
      </CdtTrfTxInf>
      <CdtTrfTxInf>
        <PmtId>
          <EndToEndId>FHE-CNT-041</EndToEndId>
        </PmtId>
        <Amt>
          <InstdAmt Ccy="USD">17400.00</InstdAmt>
        </Amt>
        <Cdtr>
          <Nm>Contributor 041 (Software Engineer)</Nm>
        </Cdtr>
        <CdtrAcct>
          <Id>
            <Othr>
              <Id>0x0000000000000000000000000000000000002739</Id>
            </Othr>
          </Id>
        </CdtrAcct>
      </CdtTrfTxInf>
      <CdtTrfTxInf>
        <PmtId>
          <EndToEndId>FHE-CNT-042</EndToEndId>
        </PmtId>
        <Amt>
          <InstdAmt Ccy="USD">17660.00</InstdAmt>
        </Amt>
        <Cdtr>
          <Nm>Contributor 042 (Software Engineer)</Nm>
        </Cdtr>
        <CdtrAcct>
          <Id>
            <Othr>
              <Id>0x000000000000000000000000000000000000273a</Id>
            </Othr>
          </Id>
        </CdtrAcct>
      </CdtTrfTxInf>
      <CdtTrfTxInf>
        <PmtId>
          <EndToEndId>FHE-CNT-043</EndToEndId>
        </PmtId>
        <Amt>
          <InstdAmt Ccy="USD">17920.00</InstdAmt>
        </Amt>
        <Cdtr>
          <Nm>Contributor 043 (Software Engineer)</Nm>
        </Cdtr>
        <CdtrAcct>
          <Id>
            <Othr>
              <Id>0x000000000000000000000000000000000000273b</Id>
            </Othr>
          </Id>
        </CdtrAcct>
      </CdtTrfTxInf>
      <CdtTrfTxInf>
        <PmtId>
          <EndToEndId>FHE-CNT-044</EndToEndId>
        </PmtId>
        <Amt>
          <InstdAmt Ccy="USD">18180.00</InstdAmt>
        </Amt>
        <Cdtr>
          <Nm>Contributor 044 (Software Engineer)</Nm>
        </Cdtr>
        <CdtrAcct>
          <Id>
            <Othr>
              <Id>0x000000000000000000000000000000000000273c</Id>
            </Othr>
          </Id>
        </CdtrAcct>
      </CdtTrfTxInf>
      <CdtTrfTxInf>
        <PmtId>
          <EndToEndId>FHE-CNT-045</EndToEndId>
        </PmtId>
        <Amt>
          <InstdAmt Ccy="USD">18440.00</InstdAmt>
        </Amt>
        <Cdtr>
          <Nm>Contributor 045 (Software Engineer)</Nm>
        </Cdtr>
        <CdtrAcct>
          <Id>
            <Othr>
              <Id>0x000000000000000000000000000000000000273d</Id>
            </Othr>
          </Id>
        </CdtrAcct>
      </CdtTrfTxInf>
      <CdtTrfTxInf>
        <PmtId>
          <EndToEndId>FHE-CNT-046</EndToEndId>
        </PmtId>
        <Amt>
          <InstdAmt Ccy="USD">18700.00</InstdAmt>
        </Amt>
        <Cdtr>
          <Nm>Contributor 046 (Software Engineer)</Nm>
        </Cdtr>
        <CdtrAcct>
          <Id>
            <Othr>
              <Id>0x000000000000000000000000000000000000273e</Id>
            </Othr>
          </Id>
        </CdtrAcct>
      </CdtTrfTxInf>
      <CdtTrfTxInf>
        <PmtId>
          <EndToEndId>FHE-CNT-047</EndToEndId>
        </PmtId>
        <Amt>
          <InstdAmt Ccy="USD">18960.00</InstdAmt>
        </Amt>
        <Cdtr>
          <Nm>Contributor 047 (Software Engineer)</Nm>
        </Cdtr>
        <CdtrAcct>
          <Id>
            <Othr>
              <Id>0x000000000000000000000000000000000000273f</Id>
            </Othr>
          </Id>
        </CdtrAcct>
      </CdtTrfTxInf>
      <CdtTrfTxInf>
        <PmtId>
          <EndToEndId>FHE-CNT-048</EndToEndId>
        </PmtId>
        <Amt>
          <InstdAmt Ccy="USD">19220.00</InstdAmt>
        </Amt>
        <Cdtr>
          <Nm>Contributor 048 (Software Engineer)</Nm>
        </Cdtr>
        <CdtrAcct>
          <Id>
            <Othr>
              <Id>0x0000000000000000000000000000000000002740</Id>
            </Othr>
          </Id>
        </CdtrAcct>
      </CdtTrfTxInf>
      <CdtTrfTxInf>
        <PmtId>
          <EndToEndId>FHE-CNT-049</EndToEndId>
        </PmtId>
        <Amt>
          <InstdAmt Ccy="USD">19480.00</InstdAmt>
        </Amt>
        <Cdtr>
          <Nm>Contributor 049 (Software Engineer)</Nm>
        </Cdtr>
        <CdtrAcct>
          <Id>
            <Othr>
              <Id>0x0000000000000000000000000000000000002741</Id>
            </Othr>
          </Id>
        </CdtrAcct>
      </CdtTrfTxInf>
      <CdtTrfTxInf>
        <PmtId>
          <EndToEndId>FHE-CNT-050</EndToEndId>
        </PmtId>
        <Amt>
          <InstdAmt Ccy="USD">19740.00</InstdAmt>
        </Amt>
        <Cdtr>
          <Nm>Contributor 050 (Software Engineer)</Nm>
        </Cdtr>
        <CdtrAcct>
          <Id>
            <Othr>
              <Id>0x0000000000000000000000000000000000002742</Id>
            </Othr>
          </Id>
        </CdtrAcct>
      </CdtTrfTxInf>
    </PmtInf>
  </CstmrCdtTrfInitn>
</Document>
