<?xml version="1.0" encoding="UTF-8"?>
<Document xmlns="urn:iso:std:iso:20022:tech:xsd:pain.001.001.09">
  <CstmrCdtTrfInitn>
    <GrpHdr>
      <MsgId>FHEVM-MAR-2026-015</MsgId>
      <CreDtTm>2026-03-31T09:00:00Z</CreDtTm>
      <NbOfTxs>15</NbOfTxs>
      <CtrlSum>182100.00</CtrlSum>
      <InitgPty>
        <Nm>FHEVM DAO</Nm>
      </InitgPty>
    </GrpHdr>
    <PmtInf>
      <PmtInfId>FHEVM-MAR-2026-015-P1</PmtInfId>
      <PmtMtd>TRF</PmtMtd>
      <ReqdExctnDt>2026-03-31</ReqdExctnDt>
      <Dbtr>
        <Nm>FHEVM DAO</Nm>
      </Dbtr>
      <DbtrAcct>
        <Id>
          <IBAN>DEMO_COMPANY_IBAN</IBAN>
        </Id>
      </DbtrAcct>
      <DbtrAgt>
        <FinInstnId>
          <BICFI>DEMOUS33XXX</BICFI>
        </FinInstnId>
      </DbtrAgt>
      <ChrgBr>SLEV</ChrgBr>
      <CdtTrfTxInf>
        <PmtId>
          <EndToEndId>FHE-CNT-001</EndToEndId>
        </PmtId>
        <Amt>
          <InstdAmt Ccy="USD">7800.00</InstdAmt>
        </Amt>
        <Cdtr>
          <Nm>Contributor 001 (CEO)</Nm>
        </Cdtr>
        <CdtrAcct>
          <Id>
            <Othr>
              <Id>0x52F016116508986c6ef2419266075cD7C4C01434</Id>
            </Othr>
          </Id>
        </CdtrAcct>
      </CdtTrfTxInf>
      <CdtTrfTxInf>
        <PmtId>
          <EndToEndId>FHE-CNT-002</EndToEndId>
        </PmtId>
        <Amt>
          <InstdAmt Ccy="USD">8420.00</InstdAmt>
        </Amt>
        <Cdtr>
          <Nm>Contributor 002 (CTO)</Nm>
        </Cdtr>
        <CdtrAcct>
          <Id>
            <Othr>
              <Id>0xD5F5DDC4b4cbe7d2c232d5dE637F6ef486c38Eda</Id>
            </Othr>
          </Id>
        </CdtrAcct>
      </CdtTrfTxInf>
      <CdtTrfTxInf>
        <PmtId>
          <EndToEndId>FHE-CNT-003</EndToEndId>
        </PmtId>
        <Amt>
          <InstdAmt Ccy="USD">9040.00</InstdAmt>
        </Amt>
        <Cdtr>
          <Nm>Contributor 003 (Engineering Manager)</Nm>
        </Cdtr>
        <CdtrAcct>
          <Id>
            <Othr>
              <Id>0x9E3e36D9aBcDCf74FEfdC9bE2A740AbaaBFBF575</Id>
            </Othr>
          </Id>
        </CdtrAcct>
      </CdtTrfTxInf>
      <CdtTrfTxInf>
        <PmtId>
          <EndToEndId>FHE-CNT-004</EndToEndId>
        </PmtId>
        <Amt>
          <InstdAmt Ccy="USD">9660.00</InstdAmt>
        </Amt>
        <Cdtr>
          <Nm>Contributor 004 (Software Engineer)</Nm>
        </Cdtr>
        <CdtrAcct>
          <Id>
            <Othr>
              <Id>0xce16a59f0e061b74E60c5e312dDDf1f9Fe5D888B</Id>
            </Othr>
          </Id>
        </CdtrAcct>
      </CdtTrfTxInf>
      <CdtTrfTxInf>
        <PmtId>
          <EndToEndId>FHE-CNT-005</EndToEndId>
        </PmtId>
        <Amt>
          <InstdAmt Ccy="USD">10280.00</InstdAmt>
        </Amt>
        <Cdtr>
          <Nm>Contributor 005 (Software Engineer)</Nm>
        </Cdtr>
        <CdtrAcct>
          <Id>
            <Othr>
              <Id>0x784CF42E24714b59cF568962FbD16859AA8e3758</Id>
            </Othr>
          </Id>
        </CdtrAcct>
      </CdtTrfTxInf>
      <CdtTrfTxInf>
        <PmtId>
          <EndToEndId>FHE-CNT-006</EndToEndId>
        </PmtId>
        <Amt>
          <InstdAmt Ccy="USD">10900.00</InstdAmt>
        </Amt>
        <Cdtr>
          <Nm>Contributor 006 (Software Engineer)</Nm>
        </Cdtr>
        <CdtrAcct>
          <Id>
            <Othr>
              <Id>0x70997970C51812dc3A010C7d01b50e0d17dc79C8</Id>
            </Othr>
          </Id>
        </CdtrAcct>
      </CdtTrfTxInf>
      <CdtTrfTxInf>
        <PmtId>
          <EndToEndId>FHE-CNT-007</EndToEndId>
        </PmtId>
        <Amt>
          <InstdAmt Ccy="USD">11520.00</InstdAmt>
        </Amt>
        <Cdtr>
          <Nm>Contributor 007 (Software Engineer)</Nm>
        </Cdtr>
        <CdtrAcct>
          <Id>
            <Othr>
              <Id>0x04B2dD2AEE78B62776410d207F8c8C202153aCB6</Id>
            </Othr>
          </Id>
        </CdtrAcct>
      </CdtTrfTxInf>
      <CdtTrfTxInf>
        <PmtId>
          <EndToEndId>FHE-CNT-008</EndToEndId>
        </PmtId>
        <Amt>
          <InstdAmt Ccy="USD">12140.00</InstdAmt>
        </Amt>
        <Cdtr>
          <Nm>Contributor 008 (Software Engineer)</Nm>
        </Cdtr>
        <CdtrAcct>
          <Id>
            <Othr>
              <Id>0x77d410B5d900e743C58e82b85412a7E4CFcbC71e</Id>
            </Othr>
          </Id>
        </CdtrAcct>
      </CdtTrfTxInf>
      <CdtTrfTxInf>
        <PmtId>
          <EndToEndId>FHE-CNT-009</EndToEndId>
        </PmtId>
        <Amt>
          <InstdAmt Ccy="USD">12760.00</InstdAmt>
        </Amt>
        <Cdtr>
          <Nm>Contributor 009 (Software Engineer)</Nm>
        </Cdtr>
        <CdtrAcct>
          <Id>
            <Othr>
              <Id>0x6f2dF7F1993319064d0C8d0Daa7b847ceA568367</Id>
            </Othr>
          </Id>
        </CdtrAcct>
      </CdtTrfTxInf>
      <CdtTrfTxInf>
        <PmtId>
          <EndToEndId>FHE-CNT-010</EndToEndId>
        </PmtId>
        <Amt>
          <InstdAmt Ccy="USD">13380.00</InstdAmt>
        </Amt>
        <Cdtr>
          <Nm>Contributor 010 (Software Engineer)</Nm>
        </Cdtr>
        <CdtrAcct>
          <Id>
            <Othr>
              <Id>0xE67fE19dd6Eb05104a92dCF9449Db1c9eb6ef688</Id>
            </Othr>
          </Id>
        </CdtrAcct>
      </CdtTrfTxInf>
      <CdtTrfTxInf>
        <PmtId>
          <EndToEndId>FHE-CNT-011</EndToEndId>
        </PmtId>
        <Amt>
          <InstdAmt Ccy="USD">14000.00</InstdAmt>
        </Amt>
        <Cdtr>
          <Nm>Contributor 011 (Software Engineer)</Nm>
        </Cdtr>
        <CdtrAcct>
          <Id>
            <Othr>
              <Id>0x0000000000000000000000000000000000004e2b</Id>
            </Othr>
          </Id>
        </CdtrAcct>
      </CdtTrfTxInf>
      <CdtTrfTxInf>
        <PmtId>
          <EndToEndId>FHE-CNT-012</EndToEndId>
        </PmtId>
        <Amt>
          <InstdAmt Ccy="USD">14620.00</InstdAmt>
        </Amt>
        <Cdtr>
          <Nm>Contributor 012 (Software Engineer)</Nm>
        </Cdtr>
        <CdtrAcct>
          <Id>
            <Othr>
              <Id>0x0000000000000000000000000000000000004e2c</Id>
            </Othr>
          </Id>
        </CdtrAcct>
      </CdtTrfTxInf>
      <CdtTrfTxInf>
        <PmtId>
          <EndToEndId>FHE-CNT-013</EndToEndId>
        </PmtId>
        <Amt>
          <InstdAmt Ccy="USD">15240.00</InstdAmt>
        </Amt>
        <Cdtr>
          <Nm>Contributor 013 (Software Engineer)</Nm>
        </Cdtr>
        <CdtrAcct>
          <Id>
            <Othr>
              <Id>0x0000000000000000000000000000000000004e2d</Id>
            </Othr>
          </Id>
        </CdtrAcct>
      </CdtTrfTxInf>
      <CdtTrfTxInf>
        <PmtId>
          <EndToEndId>FHE-CNT-014</EndToEndId>
        </PmtId>
        <Amt>
          <InstdAmt Ccy="USD">15860.00</InstdAmt>
        </Amt>
        <Cdtr>
          <Nm>Contributor 014 (Software Engineer)</Nm>
        </Cdtr>
        <CdtrAcct>
          <Id>
            <Othr>
              <Id>0x0000000000000000000000000000000000004e2e</Id>
            </Othr>
          </Id>
        </CdtrAcct>
      </CdtTrfTxInf>
      <CdtTrfTxInf>
        <PmtId>
          <EndToEndId>FHE-CNT-015</EndToEndId>
        </PmtId>
        <Amt>
          <InstdAmt Ccy="USD">16480.00</InstdAmt>
        </Amt>
        <Cdtr>
          <Nm>Contributor 015 (Software Engineer)</Nm>
        </Cdtr>
        <CdtrAcct>
          <Id>
            <Othr>
              <Id>0x0000000000000000000000000000000000004e2f</Id>
            </Othr>
          </Id>
        </CdtrAcct>
      </CdtTrfTxInf>
    </PmtInf>
  </CstmrCdtTrfInitn>
</Document>
