<?xml version="1.0" encoding="UTF-8"?>
<Document xmlns="urn:iso:std:iso:20022:tech:xsd:pain.001.001.09">
  <CstmrCdtTrfInitn>
    <GrpHdr>
      <MsgId>FHEVM-MAR-2026-010</MsgId>
      <CreDtTm>2026-03-31T09:00:00Z</CreDtTm>
      <NbOfTxs>10</NbOfTxs>
      <CtrlSum>118750.00</CtrlSum>
      <InitgPty>
        <Nm>FHEVM DAO</Nm>
      </InitgPty>
    </GrpHdr>
    <PmtInf>
      <PmtInfId>FHEVM-MAR-2026-010-P1</PmtInfId>
      <PmtMtd>TRF</PmtMtd>
      <ReqdExctnDt>2026-03-31</ReqdExctnDt>
      <Dbtr>
        <Nm>FHEVM DAO</Nm>
      </Dbtr>
      <DbtrAcct>
        <Id>
          <IBAN>DEMO_COMPANY_IBAN</IBAN>
        </Id>
      </DbtrAcct>
      <DbtrAgt>
        <FinInstnId>
          <BICFI>DEMOUS33XXX</BICFI>
        </FinInstnId>
      </DbtrAgt>
      <ChrgBr>SLEV</ChrgBr>
      <CdtTrfTxInf>
        <PmtId>
          <EndToEndId>FHE-CNT-001</EndToEndId>
        </PmtId>
        <Amt>
          <InstdAmt Ccy="USD">8500.00</InstdAmt>
        </Amt>
        <Cdtr>
          <Nm>Contributor 001 (CEO)</Nm>
        </Cdtr>
        <CdtrAcct>
          <Id>
            <Othr>
              <Id>0x08f8EaeC894Fdb6F2e6D8526dB2bf543DAcc9a41</Id>
            </Othr>
          </Id>
        </CdtrAcct>
      </CdtTrfTxInf>
      <CdtTrfTxInf>
        <PmtId>
          <EndToEndId>FHE-CNT-002</EndToEndId>
        </PmtId>
        <Amt>
          <InstdAmt Ccy="USD">9250.00</InstdAmt>
        </Amt>
        <Cdtr>
          <Nm>Contributor 002 (CTO)</Nm>
        </Cdtr>
        <CdtrAcct>
          <Id>
            <Othr>
              <Id>0x134B68ff311DC9e0c7108F3aE690B913dC03dD5B</Id>
            </Othr>
          </Id>
        </CdtrAcct>
      </CdtTrfTxInf>
      <CdtTrfTxInf>
        <PmtId>
          <EndToEndId>FHE-CNT-003</EndToEndId>
        </PmtId>
        <Amt>
          <InstdAmt Ccy="USD">10000.00</InstdAmt>
        </Amt>
        <Cdtr>
          <Nm>Contributor 003 (Engineering Manager)</Nm>
        </Cdtr>
        <CdtrAcct>
          <Id>
            <Othr>
              <Id>0xcDB2796aB24E3980Ef25344Ce331b932c03baBe3</Id>
            </Othr>
          </Id>
        </CdtrAcct>
      </CdtTrfTxInf>
      <CdtTrfTxInf>
        <PmtId>
          <EndToEndId>FHE-CNT-004</EndToEndId>
        </PmtId>
        <Amt>
          <InstdAmt Ccy="USD">10750.00</InstdAmt>
        </Amt>
        <Cdtr>
          <Nm>Contributor 004 (Software Engineer)</Nm>
        </Cdtr>
        <CdtrAcct>
          <Id>
            <Othr>
              <Id>0x141A175B5F443a0D7057B13E50f1DaEC15223180</Id>
            </Othr>
          </Id>
        </CdtrAcct>
      </CdtTrfTxInf>
      <CdtTrfTxInf>
        <PmtId>
          <EndToEndId>FHE-CNT-005</EndToEndId>
        </PmtId>
        <Amt>
          <InstdAmt Ccy="USD">11500.00</InstdAmt>
        </Amt>
        <Cdtr>
          <Nm>Contributor 005 (Software Engineer)</Nm>
        </Cdtr>
        <CdtrAcct>
          <Id>
            <Othr>
              <Id>0x63e1Ed4075AfDB5c9B59b4Fa2A242bBF99543C5B</Id>
            </Othr>
          </Id>
        </CdtrAcct>
      </CdtTrfTxInf>
      <CdtTrfTxInf>
        <PmtId>
          <EndToEndId>FHE-CNT-006</EndToEndId>
        </PmtId>
        <Amt>
          <InstdAmt Ccy="USD">12250.00</InstdAmt>
        </Amt>
        <Cdtr>
          <Nm>Contributor 006 (Software Engineer)</Nm>
        </Cdtr>
        <CdtrAcct>
          <Id>
            <Othr>
              <Id>0x0000000000000000000000000000000000002716</Id>
            </Othr>
          </Id>
        </CdtrAcct>
      </CdtTrfTxInf>
      <CdtTrfTxInf>
        <PmtId>
          <EndToEndId>FHE-CNT-007</EndToEndId>
        </PmtId>
        <Amt>
          <InstdAmt Ccy="USD">13000.00</InstdAmt>
        </Amt>
        <Cdtr>
          <Nm>Contributor 007 (Software Engineer)</Nm>
        </Cdtr>
        <CdtrAcct>
          <Id>
            <Othr>
              <Id>0x0000000000000000000000000000000000002717</Id>
            </Othr>
          </Id>
        </CdtrAcct>
      </CdtTrfTxInf>
      <CdtTrfTxInf>
        <PmtId>
          <EndToEndId>FHE-CNT-008</EndToEndId>
        </PmtId>
        <Amt>
          <InstdAmt Ccy="USD">13750.00</InstdAmt>
        </Amt>
        <Cdtr>
          <Nm>Contributor 008 (Software Engineer)</Nm>
        </Cdtr>
        <CdtrAcct>
          <Id>
            <Othr>
              <Id>0x0000000000000000000000000000000000002718</Id>
            </Othr>
          </Id>
        </CdtrAcct>
      </CdtTrfTxInf>
      <CdtTrfTxInf>
        <PmtId>
          <EndToEndId>FHE-CNT-009</EndToEndId>
        </PmtId>
        <Amt>
          <InstdAmt Ccy="USD">14500.00</InstdAmt>
        </Amt>
        <Cdtr>
          <Nm>Contributor 009 (Software Engineer)</Nm>
        </Cdtr>
        <CdtrAcct>
          <Id>
            <Othr>
              <Id>0x0000000000000000000000000000000000002719</Id>
            </Othr>
          </Id>
        </CdtrAcct>
      </CdtTrfTxInf>
      <CdtTrfTxInf>
        <PmtId>
          <EndToEndId>FHE-CNT-010</EndToEndId>
        </PmtId>
        <Amt>
          <InstdAmt Ccy="USD">15250.00</InstdAmt>
        </Amt>
        <Cdtr>
          <Nm>Contributor 010 (Software Engineer)</Nm>
        </Cdtr>
        <CdtrAcct>
          <Id>
            <Othr>
              <Id>0x000000000000000000000000000000000000271a</Id>
            </Othr>
          </Id>
        </CdtrAcct>
      </CdtTrfTxInf>
    </PmtInf>
  </CstmrCdtTrfInitn>
</Document>
