<?xml version="1.0" encoding="UTF-8"?>
<Document xmlns="urn:iso:std:iso:20022:tech:xsd:pain.001.001.09">
  <CstmrCdtTrfInitn>
    <GrpHdr>
      <MsgId>SEISMIC-MAR-2026-100</MsgId>
      <CreDtTm>2026-03-31T09:00:00Z</CreDtTm>
      <NbOfTxs>100</NbOfTxs>
      <CtrlSum>846500.00</CtrlSum>
      <InitgPty>
        <Nm>Seismic DAO</Nm>
      </InitgPty>
    </GrpHdr>
    <PmtInf>
      <PmtInfId>SEISMIC-MAR-2026-100-P1</PmtInfId>
      <PmtMtd>TRF</PmtMtd>
      <ReqdExctnDt>2026-03-31</ReqdExctnDt>
      <Dbtr>
        <Nm>Seismic DAO</Nm>
      </Dbtr>
      <DbtrAcct>
        <Id>
          <IBAN>DEMO_COMPANY_IBAN</IBAN>
        </Id>
      </DbtrAcct>
      <DbtrAgt>
        <FinInstnId>
          <BICFI>DEMOUS33XXX</BICFI>
        </FinInstnId>
      </DbtrAgt>
      <ChrgBr>SLEV</ChrgBr>
      <CdtTrfTxInf>
        <PmtId>
          <EndToEndId>SEIS-CNT-001</EndToEndId>
        </PmtId>
        <Amt>
          <InstdAmt Ccy="USD">5000.00</InstdAmt>
        </Amt>
        <Cdtr>
          <Nm>Contributor 001 (CEO)</Nm>
        </Cdtr>
        <CdtrAcct>
          <Id>
            <Othr>
              <Id>0x08f8EaeC894Fdb6F2e6D8526dB2bf543DAcc9a41</Id>
            </Othr>
          </Id>
        </CdtrAcct>
      </CdtTrfTxInf>
      <CdtTrfTxInf>
        <PmtId>
          <EndToEndId>SEIS-CNT-002</EndToEndId>
        </PmtId>
        <Amt>
          <InstdAmt Ccy="USD">5070.00</InstdAmt>
        </Amt>
        <Cdtr>
          <Nm>Contributor 002 (CTO)</Nm>
        </Cdtr>
        <CdtrAcct>
          <Id>
            <Othr>
              <Id>0x134B68ff311DC9e0c7108F3aE690B913dC03dD5B</Id>
            </Othr>
          </Id>
        </CdtrAcct>
      </CdtTrfTxInf>
      <CdtTrfTxInf>
        <PmtId>
          <EndToEndId>SEIS-CNT-003</EndToEndId>
        </PmtId>
        <Amt>
          <InstdAmt Ccy="USD">5140.00</InstdAmt>
        </Amt>
        <Cdtr>
          <Nm>Contributor 003 (Engineering Manager)</Nm>
        </Cdtr>
        <CdtrAcct>
          <Id>
            <Othr>
              <Id>0xcDB2796aB24E3980Ef25344Ce331b932c03baBe3</Id>
            </Othr>
          </Id>
        </CdtrAcct>
      </CdtTrfTxInf>
      <CdtTrfTxInf>
        <PmtId>
          <EndToEndId>SEIS-CNT-004</EndToEndId>
        </PmtId>
        <Amt>
          <InstdAmt Ccy="USD">5210.00</InstdAmt>
        </Amt>
        <Cdtr>
          <Nm>Contributor 004 (Software Engineer)</Nm>
        </Cdtr>
        <CdtrAcct>
          <Id>
            <Othr>
              <Id>0x141A175B5F443a0D7057B13E50f1DaEC15223180</Id>
            </Othr>
          </Id>
        </CdtrAcct>
      </CdtTrfTxInf>
      <CdtTrfTxInf>
        <PmtId>
          <EndToEndId>SEIS-CNT-005</EndToEndId>
        </PmtId>
        <Amt>
          <InstdAmt Ccy="USD">5280.00</InstdAmt>
        </Amt>
        <Cdtr>
          <Nm>Contributor 005 (Software Engineer)</Nm>
        </Cdtr>
        <CdtrAcct>
          <Id>
            <Othr>
              <Id>0x63e1Ed4075AfDB5c9B59b4Fa2A242bBF99543C5B</Id>
            </Othr>
          </Id>
        </CdtrAcct>
      </CdtTrfTxInf>
      <CdtTrfTxInf>
        <PmtId>
          <EndToEndId>SEIS-CNT-006</EndToEndId>
        </PmtId>
        <Amt>
          <InstdAmt Ccy="USD">5350.00</InstdAmt>
        </Amt>
        <Cdtr>
          <Nm>Contributor 006 (Software Engineer)</Nm>
        </Cdtr>
        <CdtrAcct>
          <Id>
            <Othr>
              <Id>0x0000000000000000000000000000000000002716</Id>
            </Othr>
          </Id>
        </CdtrAcct>
      </CdtTrfTxInf>
      <CdtTrfTxInf>
        <PmtId>
          <EndToEndId>SEIS-CNT-007</EndToEndId>
        </PmtId>
        <Amt>
          <InstdAmt Ccy="USD">5420.00</InstdAmt>
        </Amt>
        <Cdtr>
          <Nm>Contributor 007 (Software Engineer)</Nm>
        </Cdtr>
        <CdtrAcct>
          <Id>
            <Othr>
              <Id>0x0000000000000000000000000000000000002717</Id>
            </Othr>
          </Id>
        </CdtrAcct>
      </CdtTrfTxInf>
      <CdtTrfTxInf>
        <PmtId>
          <EndToEndId>SEIS-CNT-008</EndToEndId>
        </PmtId>
        <Amt>
          <InstdAmt Ccy="USD">5490.00</InstdAmt>
        </Amt>
        <Cdtr>
          <Nm>Contributor 008 (Software Engineer)</Nm>
        </Cdtr>
        <CdtrAcct>
          <Id>
            <Othr>
              <Id>0x0000000000000000000000000000000000002718</Id>
            </Othr>
          </Id>
        </CdtrAcct>
      </CdtTrfTxInf>
      <CdtTrfTxInf>
        <PmtId>
          <EndToEndId>SEIS-CNT-009</EndToEndId>
        </PmtId>
        <Amt>
          <InstdAmt Ccy="USD">5560.00</InstdAmt>
        </Amt>
        <Cdtr>
          <Nm>Contributor 009 (Software Engineer)</Nm>
        </Cdtr>
        <CdtrAcct>
          <Id>
            <Othr>
              <Id>0x0000000000000000000000000000000000002719</Id>
            </Othr>
          </Id>
        </CdtrAcct>
      </CdtTrfTxInf>
      <CdtTrfTxInf>
        <PmtId>
          <EndToEndId>SEIS-CNT-010</EndToEndId>
        </PmtId>
        <Amt>
          <InstdAmt Ccy="USD">5630.00</InstdAmt>
        </Amt>
        <Cdtr>
          <Nm>Contributor 010 (Software Engineer)</Nm>
        </Cdtr>
        <CdtrAcct>
          <Id>
            <Othr>
              <Id>0x000000000000000000000000000000000000271a</Id>
            </Othr>
          </Id>
        </CdtrAcct>
      </CdtTrfTxInf>
      <CdtTrfTxInf>
        <PmtId>
          <EndToEndId>SEIS-CNT-011</EndToEndId>
        </PmtId>
        <Amt>
          <InstdAmt Ccy="USD">5700.00</InstdAmt>
        </Amt>
        <Cdtr>
          <Nm>Contributor 011 (Software Engineer)</Nm>
        </Cdtr>
        <CdtrAcct>
          <Id>
            <Othr>
              <Id>0x000000000000000000000000000000000000271b</Id>
            </Othr>
          </Id>
        </CdtrAcct>
      </CdtTrfTxInf>
      <CdtTrfTxInf>
        <PmtId>
          <EndToEndId>SEIS-CNT-012</EndToEndId>
        </PmtId>
        <Amt>
          <InstdAmt Ccy="USD">5770.00</InstdAmt>
        </Amt>
        <Cdtr>
          <Nm>Contributor 012 (Software Engineer)</Nm>
        </Cdtr>
        <CdtrAcct>
          <Id>
            <Othr>
              <Id>0x000000000000000000000000000000000000271c</Id>
            </Othr>
          </Id>
        </CdtrAcct>
      </CdtTrfTxInf>
      <CdtTrfTxInf>
        <PmtId>
          <EndToEndId>SEIS-CNT-013</EndToEndId>
        </PmtId>
        <Amt>
          <InstdAmt Ccy="USD">5840.00</InstdAmt>
        </Amt>
        <Cdtr>
          <Nm>Contributor 013 (Software Engineer)</Nm>
        </Cdtr>
        <CdtrAcct>
          <Id>
            <Othr>
              <Id>0x000000000000000000000000000000000000271d</Id>
            </Othr>
          </Id>
        </CdtrAcct>
      </CdtTrfTxInf>
      <CdtTrfTxInf>
        <PmtId>
          <EndToEndId>SEIS-CNT-014</EndToEndId>
        </PmtId>
        <Amt>
          <InstdAmt Ccy="USD">5910.00</InstdAmt>
        </Amt>
        <Cdtr>
          <Nm>Contributor 014 (Software Engineer)</Nm>
        </Cdtr>
        <CdtrAcct>
          <Id>
            <Othr>
              <Id>0x000000000000000000000000000000000000271e</Id>
            </Othr>
          </Id>
        </CdtrAcct>
      </CdtTrfTxInf>
      <CdtTrfTxInf>
        <PmtId>
          <EndToEndId>SEIS-CNT-015</EndToEndId>
        </PmtId>
        <Amt>
          <InstdAmt Ccy="USD">5980.00</InstdAmt>
        </Amt>
        <Cdtr>
          <Nm>Contributor 015 (Software Engineer)</Nm>
        </Cdtr>
        <CdtrAcct>
          <Id>
            <Othr>
              <Id>0x000000000000000000000000000000000000271f</Id>
            </Othr>
          </Id>
        </CdtrAcct>
      </CdtTrfTxInf>
      <CdtTrfTxInf>
        <PmtId>
          <EndToEndId>SEIS-CNT-016</EndToEndId>
        </PmtId>
        <Amt>
          <InstdAmt Ccy="USD">6050.00</InstdAmt>
        </Amt>
        <Cdtr>
          <Nm>Contributor 016 (Software Engineer)</Nm>
        </Cdtr>
        <CdtrAcct>
          <Id>
            <Othr>
              <Id>0x0000000000000000000000000000000000002720</Id>
            </Othr>
          </Id>
        </CdtrAcct>
      </CdtTrfTxInf>
      <CdtTrfTxInf>
        <PmtId>
          <EndToEndId>SEIS-CNT-017</EndToEndId>
        </PmtId>
        <Amt>
          <InstdAmt Ccy="USD">6120.00</InstdAmt>
        </Amt>
        <Cdtr>
          <Nm>Contributor 017 (Software Engineer)</Nm>
        </Cdtr>
        <CdtrAcct>
          <Id>
            <Othr>
              <Id>0x0000000000000000000000000000000000002721</Id>
            </Othr>
          </Id>
        </CdtrAcct>
      </CdtTrfTxInf>
      <CdtTrfTxInf>
        <PmtId>
          <EndToEndId>SEIS-CNT-018</EndToEndId>
        </PmtId>
        <Amt>
          <InstdAmt Ccy="USD">6190.00</InstdAmt>
        </Amt>
        <Cdtr>
          <Nm>Contributor 018 (Software Engineer)</Nm>
        </Cdtr>
        <CdtrAcct>
          <Id>
            <Othr>
              <Id>0x0000000000000000000000000000000000002722</Id>
            </Othr>
          </Id>
        </CdtrAcct>
      </CdtTrfTxInf>
      <CdtTrfTxInf>
        <PmtId>
          <EndToEndId>SEIS-CNT-019</EndToEndId>
        </PmtId>
        <Amt>
          <InstdAmt Ccy="USD">6260.00</InstdAmt>
        </Amt>
        <Cdtr>
          <Nm>Contributor 019 (Software Engineer)</Nm>
        </Cdtr>
        <CdtrAcct>
          <Id>
            <Othr>
              <Id>0x0000000000000000000000000000000000002723</Id>
            </Othr>
          </Id>
        </CdtrAcct>
      </CdtTrfTxInf>
      <CdtTrfTxInf>
        <PmtId>
          <EndToEndId>SEIS-CNT-020</EndToEndId>
        </PmtId>
        <Amt>
          <InstdAmt Ccy="USD">6330.00</InstdAmt>
        </Amt>
        <Cdtr>
          <Nm>Contributor 020 (Software Engineer)</Nm>
        </Cdtr>
        <CdtrAcct>
          <Id>
            <Othr>
              <Id>0x0000000000000000000000000000000000002724</Id>
            </Othr>
          </Id>
        </CdtrAcct>
      </CdtTrfTxInf>
      <CdtTrfTxInf>
        <PmtId>
          <EndToEndId>SEIS-CNT-021</EndToEndId>
        </PmtId>
        <Amt>
          <InstdAmt Ccy="USD">6400.00</InstdAmt>
        </Amt>
        <Cdtr>
          <Nm>Contributor 021 (Software Engineer)</Nm>
        </Cdtr>
        <CdtrAcct>
          <Id>
            <Othr>
              <Id>0x0000000000000000000000000000000000002725</Id>
            </Othr>
          </Id>
        </CdtrAcct>
      </CdtTrfTxInf>
      <CdtTrfTxInf>
        <PmtId>
          <EndToEndId>SEIS-CNT-022</EndToEndId>
        </PmtId>
        <Amt>
          <InstdAmt Ccy="USD">6470.00</InstdAmt>
        </Amt>
        <Cdtr>
          <Nm>Contributor 022 (Software Engineer)</Nm>
        </Cdtr>
        <CdtrAcct>
          <Id>
            <Othr>
              <Id>0x0000000000000000000000000000000000002726</Id>
            </Othr>
          </Id>
        </CdtrAcct>
      </CdtTrfTxInf>
      <CdtTrfTxInf>
        <PmtId>
          <EndToEndId>SEIS-CNT-023</EndToEndId>
        </PmtId>
        <Amt>
          <InstdAmt Ccy="USD">6540.00</InstdAmt>
        </Amt>
        <Cdtr>
          <Nm>Contributor 023 (Software Engineer)</Nm>
        </Cdtr>
        <CdtrAcct>
          <Id>
            <Othr>
              <Id>0x0000000000000000000000000000000000002727</Id>
            </Othr>
          </Id>
        </CdtrAcct>
      </CdtTrfTxInf>
      <CdtTrfTxInf>
        <PmtId>
          <EndToEndId>SEIS-CNT-024</EndToEndId>
        </PmtId>
        <Amt>
          <InstdAmt Ccy="USD">6610.00</InstdAmt>
        </Amt>
        <Cdtr>
          <Nm>Contributor 024 (Software Engineer)</Nm>
        </Cdtr>
        <CdtrAcct>
          <Id>
            <Othr>
              <Id>0x0000000000000000000000000000000000002728</Id>
            </Othr>
          </Id>
        </CdtrAcct>
      </CdtTrfTxInf>
      <CdtTrfTxInf>
        <PmtId>
          <EndToEndId>SEIS-CNT-025</EndToEndId>
        </PmtId>
        <Amt>
          <InstdAmt Ccy="USD">6680.00</InstdAmt>
        </Amt>
        <Cdtr>
          <Nm>Contributor 025 (Software Engineer)</Nm>
        </Cdtr>
        <CdtrAcct>
          <Id>
            <Othr>
              <Id>0x0000000000000000000000000000000000002729</Id>
            </Othr>
          </Id>
        </CdtrAcct>
      </CdtTrfTxInf>
      <CdtTrfTxInf>
        <PmtId>
          <EndToEndId>SEIS-CNT-026</EndToEndId>
        </PmtId>
        <Amt>
          <InstdAmt Ccy="USD">6750.00</InstdAmt>
        </Amt>
        <Cdtr>
          <Nm>Contributor 026 (Software Engineer)</Nm>
        </Cdtr>
        <CdtrAcct>
          <Id>
            <Othr>
              <Id>0x000000000000000000000000000000000000272a</Id>
            </Othr>
          </Id>
        </CdtrAcct>
      </CdtTrfTxInf>
      <CdtTrfTxInf>
        <PmtId>
          <EndToEndId>SEIS-CNT-027</EndToEndId>
        </PmtId>
        <Amt>
          <InstdAmt Ccy="USD">6820.00</InstdAmt>
        </Amt>
        <Cdtr>
          <Nm>Contributor 027 (Software Engineer)</Nm>
        </Cdtr>
        <CdtrAcct>
          <Id>
            <Othr>
              <Id>0x000000000000000000000000000000000000272b</Id>
            </Othr>
          </Id>
        </CdtrAcct>
      </CdtTrfTxInf>
      <CdtTrfTxInf>
        <PmtId>
          <EndToEndId>SEIS-CNT-028</EndToEndId>
        </PmtId>
        <Amt>
          <InstdAmt Ccy="USD">6890.00</InstdAmt>
        </Amt>
        <Cdtr>
          <Nm>Contributor 028 (Software Engineer)</Nm>
        </Cdtr>
        <CdtrAcct>
          <Id>
            <Othr>
              <Id>0x000000000000000000000000000000000000272c</Id>
            </Othr>
          </Id>
        </CdtrAcct>
      </CdtTrfTxInf>
      <CdtTrfTxInf>
        <PmtId>
          <EndToEndId>SEIS-CNT-029</EndToEndId>
        </PmtId>
        <Amt>
          <InstdAmt Ccy="USD">6960.00</InstdAmt>
        </Amt>
        <Cdtr>
          <Nm>Contributor 029 (Software Engineer)</Nm>
        </Cdtr>
        <CdtrAcct>
          <Id>
            <Othr>
              <Id>0x000000000000000000000000000000000000272d</Id>
            </Othr>
          </Id>
        </CdtrAcct>
      </CdtTrfTxInf>
      <CdtTrfTxInf>
        <PmtId>
          <EndToEndId>SEIS-CNT-030</EndToEndId>
        </PmtId>
        <Amt>
          <InstdAmt Ccy="USD">7030.00</InstdAmt>
        </Amt>
        <Cdtr>
          <Nm>Contributor 030 (Software Engineer)</Nm>
        </Cdtr>
        <CdtrAcct>
          <Id>
            <Othr>
              <Id>0x000000000000000000000000000000000000272e</Id>
            </Othr>
          </Id>
        </CdtrAcct>
      </CdtTrfTxInf>
      <CdtTrfTxInf>
        <PmtId>
          <EndToEndId>SEIS-CNT-031</EndToEndId>
        </PmtId>
        <Amt>
          <InstdAmt Ccy="USD">7100.00</InstdAmt>
        </Amt>
        <Cdtr>
          <Nm>Contributor 031 (Software Engineer)</Nm>
        </Cdtr>
        <CdtrAcct>
          <Id>
            <Othr>
              <Id>0x000000000000000000000000000000000000272f</Id>
            </Othr>
          </Id>
        </CdtrAcct>
      </CdtTrfTxInf>
      <CdtTrfTxInf>
        <PmtId>
          <EndToEndId>SEIS-CNT-032</EndToEndId>
        </PmtId>
        <Amt>
          <InstdAmt Ccy="USD">7170.00</InstdAmt>
        </Amt>
        <Cdtr>
          <Nm>Contributor 032 (Software Engineer)</Nm>
        </Cdtr>
        <CdtrAcct>
          <Id>
            <Othr>
              <Id>0x0000000000000000000000000000000000002730</Id>
            </Othr>
          </Id>
        </CdtrAcct>
      </CdtTrfTxInf>
      <CdtTrfTxInf>
        <PmtId>
          <EndToEndId>SEIS-CNT-033</EndToEndId>
        </PmtId>
        <Amt>
          <InstdAmt Ccy="USD">7240.00</InstdAmt>
        </Amt>
        <Cdtr>
          <Nm>Contributor 033 (Software Engineer)</Nm>
        </Cdtr>
        <CdtrAcct>
          <Id>
            <Othr>
              <Id>0x0000000000000000000000000000000000002731</Id>
            </Othr>
          </Id>
        </CdtrAcct>
      </CdtTrfTxInf>
      <CdtTrfTxInf>
        <PmtId>
          <EndToEndId>SEIS-CNT-034</EndToEndId>
        </PmtId>
        <Amt>
          <InstdAmt Ccy="USD">7310.00</InstdAmt>
        </Amt>
        <Cdtr>
          <Nm>Contributor 034 (Software Engineer)</Nm>
        </Cdtr>
        <CdtrAcct>
          <Id>
            <Othr>
              <Id>0x0000000000000000000000000000000000002732</Id>
            </Othr>
          </Id>
        </CdtrAcct>
      </CdtTrfTxInf>
      <CdtTrfTxInf>
        <PmtId>
          <EndToEndId>SEIS-CNT-035</EndToEndId>
        </PmtId>
        <Amt>
          <InstdAmt Ccy="USD">7380.00</InstdAmt>
        </Amt>
        <Cdtr>
          <Nm>Contributor 035 (Software Engineer)</Nm>
        </Cdtr>
        <CdtrAcct>
          <Id>
            <Othr>
              <Id>0x0000000000000000000000000000000000002733</Id>
            </Othr>
          </Id>
        </CdtrAcct>
      </CdtTrfTxInf>
      <CdtTrfTxInf>
        <PmtId>
          <EndToEndId>SEIS-CNT-036</EndToEndId>
        </PmtId>
        <Amt>
          <InstdAmt Ccy="USD">7450.00</InstdAmt>
        </Amt>
        <Cdtr>
          <Nm>Contributor 036 (Software Engineer)</Nm>
        </Cdtr>
        <CdtrAcct>
          <Id>
            <Othr>
              <Id>0x0000000000000000000000000000000000002734</Id>
            </Othr>
          </Id>
        </CdtrAcct>
      </CdtTrfTxInf>
      <CdtTrfTxInf>
        <PmtId>
          <EndToEndId>SEIS-CNT-037</EndToEndId>
        </PmtId>
        <Amt>
          <InstdAmt Ccy="USD">7520.00</InstdAmt>
        </Amt>
        <Cdtr>
          <Nm>Contributor 037 (Software Engineer)</Nm>
        </Cdtr>
        <CdtrAcct>
          <Id>
            <Othr>
              <Id>0x0000000000000000000000000000000000002735</Id>
            </Othr>
          </Id>
        </CdtrAcct>
      </CdtTrfTxInf>
      <CdtTrfTxInf>
        <PmtId>
          <EndToEndId>SEIS-CNT-038</EndToEndId>
        </PmtId>
        <Amt>
          <InstdAmt Ccy="USD">7590.00</InstdAmt>
        </Amt>
        <Cdtr>
          <Nm>Contributor 038 (Software Engineer)</Nm>
        </Cdtr>
        <CdtrAcct>
          <Id>
            <Othr>
              <Id>0x0000000000000000000000000000000000002736</Id>
            </Othr>
          </Id>
        </CdtrAcct>
      </CdtTrfTxInf>
      <CdtTrfTxInf>
        <PmtId>
          <EndToEndId>SEIS-CNT-039</EndToEndId>
        </PmtId>
        <Amt>
          <InstdAmt Ccy="USD">7660.00</InstdAmt>
        </Amt>
        <Cdtr>
          <Nm>Contributor 039 (Software Engineer)</Nm>
        </Cdtr>
        <CdtrAcct>
          <Id>
            <Othr>
              <Id>0x0000000000000000000000000000000000002737</Id>
            </Othr>
          </Id>
        </CdtrAcct>
      </CdtTrfTxInf>
      <CdtTrfTxInf>
        <PmtId>
          <EndToEndId>SEIS-CNT-040</EndToEndId>
        </PmtId>
        <Amt>
          <InstdAmt Ccy="USD">7730.00</InstdAmt>
        </Amt>
        <Cdtr>
          <Nm>Contributor 040 (Software Engineer)</Nm>
        </Cdtr>
        <CdtrAcct>
          <Id>
            <Othr>
              <Id>0x0000000000000000000000000000000000002738</Id>
            </Othr>
          </Id>
        </CdtrAcct>
      </CdtTrfTxInf>
      <CdtTrfTxInf>
        <PmtId>
          <EndToEndId>SEIS-CNT-041</EndToEndId>
        </PmtId>
        <Amt>
          <InstdAmt Ccy="USD">7800.00</InstdAmt>
        </Amt>
        <Cdtr>
          <Nm>Contributor 041 (Software Engineer)</Nm>
        </Cdtr>
        <CdtrAcct>
          <Id>
            <Othr>
              <Id>0x0000000000000000000000000000000000002739</Id>
            </Othr>
          </Id>
        </CdtrAcct>
      </CdtTrfTxInf>
      <CdtTrfTxInf>
        <PmtId>
          <EndToEndId>SEIS-CNT-042</EndToEndId>
        </PmtId>
        <Amt>
          <InstdAmt Ccy="USD">7870.00</InstdAmt>
        </Amt>
        <Cdtr>
          <Nm>Contributor 042 (Software Engineer)</Nm>
        </Cdtr>
        <CdtrAcct>
          <Id>
            <Othr>
              <Id>0x000000000000000000000000000000000000273a</Id>
            </Othr>
          </Id>
        </CdtrAcct>
      </CdtTrfTxInf>
      <CdtTrfTxInf>
        <PmtId>
          <EndToEndId>SEIS-CNT-043</EndToEndId>
        </PmtId>
        <Amt>
          <InstdAmt Ccy="USD">7940.00</InstdAmt>
        </Amt>
        <Cdtr>
          <Nm>Contributor 043 (Software Engineer)</Nm>
        </Cdtr>
        <CdtrAcct>
          <Id>
            <Othr>
              <Id>0x000000000000000000000000000000000000273b</Id>
            </Othr>
          </Id>
        </CdtrAcct>
      </CdtTrfTxInf>
      <CdtTrfTxInf>
        <PmtId>
          <EndToEndId>SEIS-CNT-044</EndToEndId>
        </PmtId>
        <Amt>
          <InstdAmt Ccy="USD">8010.00</InstdAmt>
        </Amt>
        <Cdtr>
          <Nm>Contributor 044 (Software Engineer)</Nm>
        </Cdtr>
        <CdtrAcct>
          <Id>
            <Othr>
              <Id>0x000000000000000000000000000000000000273c</Id>
            </Othr>
          </Id>
        </CdtrAcct>
      </CdtTrfTxInf>
      <CdtTrfTxInf>
        <PmtId>
          <EndToEndId>SEIS-CNT-045</EndToEndId>
        </PmtId>
        <Amt>
          <InstdAmt Ccy="USD">8080.00</InstdAmt>
        </Amt>
        <Cdtr>
          <Nm>Contributor 045 (Software Engineer)</Nm>
        </Cdtr>
        <CdtrAcct>
          <Id>
            <Othr>
              <Id>0x000000000000000000000000000000000000273d</Id>
            </Othr>
          </Id>
        </CdtrAcct>
      </CdtTrfTxInf>
      <CdtTrfTxInf>
        <PmtId>
          <EndToEndId>SEIS-CNT-046</EndToEndId>
        </PmtId>
        <Amt>
          <InstdAmt Ccy="USD">8150.00</InstdAmt>
        </Amt>
        <Cdtr>
          <Nm>Contributor 046 (Software Engineer)</Nm>
        </Cdtr>
        <CdtrAcct>
          <Id>
            <Othr>
              <Id>0x000000000000000000000000000000000000273e</Id>
            </Othr>
          </Id>
        </CdtrAcct>
      </CdtTrfTxInf>
      <CdtTrfTxInf>
        <PmtId>
          <EndToEndId>SEIS-CNT-047</EndToEndId>
        </PmtId>
        <Amt>
          <InstdAmt Ccy="USD">8220.00</InstdAmt>
        </Amt>
        <Cdtr>
          <Nm>Contributor 047 (Software Engineer)</Nm>
        </Cdtr>
        <CdtrAcct>
          <Id>
            <Othr>
              <Id>0x000000000000000000000000000000000000273f</Id>
            </Othr>
          </Id>
        </CdtrAcct>
      </CdtTrfTxInf>
      <CdtTrfTxInf>
        <PmtId>
          <EndToEndId>SEIS-CNT-048</EndToEndId>
        </PmtId>
        <Amt>
          <InstdAmt Ccy="USD">8290.00</InstdAmt>
        </Amt>
        <Cdtr>
          <Nm>Contributor 048 (Software Engineer)</Nm>
        </Cdtr>
        <CdtrAcct>
          <Id>
            <Othr>
              <Id>0x0000000000000000000000000000000000002740</Id>
            </Othr>
          </Id>
        </CdtrAcct>
      </CdtTrfTxInf>
      <CdtTrfTxInf>
        <PmtId>
          <EndToEndId>SEIS-CNT-049</EndToEndId>
        </PmtId>
        <Amt>
          <InstdAmt Ccy="USD">8360.00</InstdAmt>
        </Amt>
        <Cdtr>
          <Nm>Contributor 049 (Software Engineer)</Nm>
        </Cdtr>
        <CdtrAcct>
          <Id>
            <Othr>
              <Id>0x0000000000000000000000000000000000002741</Id>
            </Othr>
          </Id>
        </CdtrAcct>
      </CdtTrfTxInf>
      <CdtTrfTxInf>
        <PmtId>
          <EndToEndId>SEIS-CNT-050</EndToEndId>
        </PmtId>
        <Amt>
          <InstdAmt Ccy="USD">8430.00</InstdAmt>
        </Amt>
        <Cdtr>
          <Nm>Contributor 050 (Software Engineer)</Nm>
        </Cdtr>
        <CdtrAcct>
          <Id>
            <Othr>
              <Id>0x0000000000000000000000000000000000002742</Id>
            </Othr>
          </Id>
        </CdtrAcct>
      </CdtTrfTxInf>
      <CdtTrfTxInf>
        <PmtId>
          <EndToEndId>SEIS-CNT-051</EndToEndId>
        </PmtId>
        <Amt>
          <InstdAmt Ccy="USD">8500.00</InstdAmt>
        </Amt>
        <Cdtr>
          <Nm>Contributor 051 (Software Engineer)</Nm>
        </Cdtr>
        <CdtrAcct>
          <Id>
            <Othr>
              <Id>0x0000000000000000000000000000000000002743</Id>
            </Othr>
          </Id>
        </CdtrAcct>
      </CdtTrfTxInf>
      <CdtTrfTxInf>
        <PmtId>
          <EndToEndId>SEIS-CNT-052</EndToEndId>
        </PmtId>
        <Amt>
          <InstdAmt Ccy="USD">8570.00</InstdAmt>
        </Amt>
        <Cdtr>
          <Nm>Contributor 052 (Software Engineer)</Nm>
        </Cdtr>
        <CdtrAcct>
          <Id>
            <Othr>
              <Id>0x0000000000000000000000000000000000002744</Id>
            </Othr>
          </Id>
        </CdtrAcct>
      </CdtTrfTxInf>
      <CdtTrfTxInf>
        <PmtId>
          <EndToEndId>SEIS-CNT-053</EndToEndId>
        </PmtId>
        <Amt>
          <InstdAmt Ccy="USD">8640.00</InstdAmt>
        </Amt>
        <Cdtr>
          <Nm>Contributor 053 (Software Engineer)</Nm>
        </Cdtr>
        <CdtrAcct>
          <Id>
            <Othr>
              <Id>0x0000000000000000000000000000000000002745</Id>
            </Othr>
          </Id>
        </CdtrAcct>
      </CdtTrfTxInf>
      <CdtTrfTxInf>
        <PmtId>
          <EndToEndId>SEIS-CNT-054</EndToEndId>
        </PmtId>
        <Amt>
          <InstdAmt Ccy="USD">8710.00</InstdAmt>
        </Amt>
        <Cdtr>
          <Nm>Contributor 054 (Software Engineer)</Nm>
        </Cdtr>
        <CdtrAcct>
          <Id>
            <Othr>
              <Id>0x0000000000000000000000000000000000002746</Id>
            </Othr>
          </Id>
        </CdtrAcct>
      </CdtTrfTxInf>
      <CdtTrfTxInf>
        <PmtId>
          <EndToEndId>SEIS-CNT-055</EndToEndId>
        </PmtId>
        <Amt>
          <InstdAmt Ccy="USD">8780.00</InstdAmt>
        </Amt>
        <Cdtr>
          <Nm>Contributor 055 (Software Engineer)</Nm>
        </Cdtr>
        <CdtrAcct>
          <Id>
            <Othr>
              <Id>0x0000000000000000000000000000000000002747</Id>
            </Othr>
          </Id>
        </CdtrAcct>
      </CdtTrfTxInf>
      <CdtTrfTxInf>
        <PmtId>
          <EndToEndId>SEIS-CNT-056</EndToEndId>
        </PmtId>
        <Amt>
          <InstdAmt Ccy="USD">8850.00</InstdAmt>
        </Amt>
        <Cdtr>
          <Nm>Contributor 056 (Software Engineer)</Nm>
        </Cdtr>
        <CdtrAcct>
          <Id>
            <Othr>
              <Id>0x0000000000000000000000000000000000002748</Id>
            </Othr>
          </Id>
        </CdtrAcct>
      </CdtTrfTxInf>
      <CdtTrfTxInf>
        <PmtId>
          <EndToEndId>SEIS-CNT-057</EndToEndId>
        </PmtId>
        <Amt>
          <InstdAmt Ccy="USD">8920.00</InstdAmt>
        </Amt>
        <Cdtr>
          <Nm>Contributor 057 (Software Engineer)</Nm>
        </Cdtr>
        <CdtrAcct>
          <Id>
            <Othr>
              <Id>0x0000000000000000000000000000000000002749</Id>
            </Othr>
          </Id>
        </CdtrAcct>
      </CdtTrfTxInf>
      <CdtTrfTxInf>
        <PmtId>
          <EndToEndId>SEIS-CNT-058</EndToEndId>
        </PmtId>
        <Amt>
          <InstdAmt Ccy="USD">8990.00</InstdAmt>
        </Amt>
        <Cdtr>
          <Nm>Contributor 058 (Software Engineer)</Nm>
        </Cdtr>
        <CdtrAcct>
          <Id>
            <Othr>
              <Id>0x000000000000000000000000000000000000274a</Id>
            </Othr>
          </Id>
        </CdtrAcct>
      </CdtTrfTxInf>
      <CdtTrfTxInf>
        <PmtId>
          <EndToEndId>SEIS-CNT-059</EndToEndId>
        </PmtId>
        <Amt>
          <InstdAmt Ccy="USD">9060.00</InstdAmt>
        </Amt>
        <Cdtr>
          <Nm>Contributor 059 (Software Engineer)</Nm>
        </Cdtr>
        <CdtrAcct>
          <Id>
            <Othr>
              <Id>0x000000000000000000000000000000000000274b</Id>
            </Othr>
          </Id>
        </CdtrAcct>
      </CdtTrfTxInf>
      <CdtTrfTxInf>
        <PmtId>
          <EndToEndId>SEIS-CNT-060</EndToEndId>
        </PmtId>
        <Amt>
          <InstdAmt Ccy="USD">9130.00</InstdAmt>
        </Amt>
        <Cdtr>
          <Nm>Contributor 060 (Software Engineer)</Nm>
        </Cdtr>
        <CdtrAcct>
          <Id>
            <Othr>
              <Id>0x000000000000000000000000000000000000274c</Id>
            </Othr>
          </Id>
        </CdtrAcct>
      </CdtTrfTxInf>
      <CdtTrfTxInf>
        <PmtId>
          <EndToEndId>SEIS-CNT-061</EndToEndId>
        </PmtId>
        <Amt>
          <InstdAmt Ccy="USD">9200.00</InstdAmt>
        </Amt>
        <Cdtr>
          <Nm>Contributor 061 (Software Engineer)</Nm>
        </Cdtr>
        <CdtrAcct>
          <Id>
            <Othr>
              <Id>0x000000000000000000000000000000000000274d</Id>
            </Othr>
          </Id>
        </CdtrAcct>
      </CdtTrfTxInf>
      <CdtTrfTxInf>
        <PmtId>
          <EndToEndId>SEIS-CNT-062</EndToEndId>
        </PmtId>
        <Amt>
          <InstdAmt Ccy="USD">9270.00</InstdAmt>
        </Amt>
        <Cdtr>
          <Nm>Contributor 062 (Software Engineer)</Nm>
        </Cdtr>
        <CdtrAcct>
          <Id>
            <Othr>
              <Id>0x000000000000000000000000000000000000274e</Id>
            </Othr>
          </Id>
        </CdtrAcct>
      </CdtTrfTxInf>
      <CdtTrfTxInf>
        <PmtId>
          <EndToEndId>SEIS-CNT-063</EndToEndId>
        </PmtId>
        <Amt>
          <InstdAmt Ccy="USD">9340.00</InstdAmt>
        </Amt>
        <Cdtr>
          <Nm>Contributor 063 (Software Engineer)</Nm>
        </Cdtr>
        <CdtrAcct>
          <Id>
            <Othr>
              <Id>0x000000000000000000000000000000000000274f</Id>
            </Othr>
          </Id>
        </CdtrAcct>
      </CdtTrfTxInf>
      <CdtTrfTxInf>
        <PmtId>
          <EndToEndId>SEIS-CNT-064</EndToEndId>
        </PmtId>
        <Amt>
          <InstdAmt Ccy="USD">9410.00</InstdAmt>
        </Amt>
        <Cdtr>
          <Nm>Contributor 064 (Software Engineer)</Nm>
        </Cdtr>
        <CdtrAcct>
          <Id>
            <Othr>
              <Id>0x0000000000000000000000000000000000002750</Id>
            </Othr>
          </Id>
        </CdtrAcct>
      </CdtTrfTxInf>
      <CdtTrfTxInf>
        <PmtId>
          <EndToEndId>SEIS-CNT-065</EndToEndId>
        </PmtId>
        <Amt>
          <InstdAmt Ccy="USD">9480.00</InstdAmt>
        </Amt>
        <Cdtr>
          <Nm>Contributor 065 (Software Engineer)</Nm>
        </Cdtr>
        <CdtrAcct>
          <Id>
            <Othr>
              <Id>0x0000000000000000000000000000000000002751</Id>
            </Othr>
          </Id>
        </CdtrAcct>
      </CdtTrfTxInf>
      <CdtTrfTxInf>
        <PmtId>
          <EndToEndId>SEIS-CNT-066</EndToEndId>
        </PmtId>
        <Amt>
          <InstdAmt Ccy="USD">9550.00</InstdAmt>
        </Amt>
        <Cdtr>
          <Nm>Contributor 066 (Software Engineer)</Nm>
        </Cdtr>
        <CdtrAcct>
          <Id>
            <Othr>
              <Id>0x0000000000000000000000000000000000002752</Id>
            </Othr>
          </Id>
        </CdtrAcct>
      </CdtTrfTxInf>
      <CdtTrfTxInf>
        <PmtId>
          <EndToEndId>SEIS-CNT-067</EndToEndId>
        </PmtId>
        <Amt>
          <InstdAmt Ccy="USD">9620.00</InstdAmt>
        </Amt>
        <Cdtr>
          <Nm>Contributor 067 (Software Engineer)</Nm>
        </Cdtr>
        <CdtrAcct>
          <Id>
            <Othr>
              <Id>0x0000000000000000000000000000000000002753</Id>
            </Othr>
          </Id>
        </CdtrAcct>
      </CdtTrfTxInf>
      <CdtTrfTxInf>
        <PmtId>
          <EndToEndId>SEIS-CNT-068</EndToEndId>
        </PmtId>
        <Amt>
          <InstdAmt Ccy="USD">9690.00</InstdAmt>
        </Amt>
        <Cdtr>
          <Nm>Contributor 068 (Software Engineer)</Nm>
        </Cdtr>
        <CdtrAcct>
          <Id>
            <Othr>
              <Id>0x0000000000000000000000000000000000002754</Id>
            </Othr>
          </Id>
        </CdtrAcct>
      </CdtTrfTxInf>
      <CdtTrfTxInf>
        <PmtId>
          <EndToEndId>SEIS-CNT-069</EndToEndId>
        </PmtId>
        <Amt>
          <InstdAmt Ccy="USD">9760.00</InstdAmt>
        </Amt>
        <Cdtr>
          <Nm>Contributor 069 (Software Engineer)</Nm>
        </Cdtr>
        <CdtrAcct>
          <Id>
            <Othr>
              <Id>0x0000000000000000000000000000000000002755</Id>
            </Othr>
          </Id>
        </CdtrAcct>
      </CdtTrfTxInf>
      <CdtTrfTxInf>
        <PmtId>
          <EndToEndId>SEIS-CNT-070</EndToEndId>
        </PmtId>
        <Amt>
          <InstdAmt Ccy="USD">9830.00</InstdAmt>
        </Amt>
        <Cdtr>
          <Nm>Contributor 070 (Software Engineer)</Nm>
        </Cdtr>
        <CdtrAcct>
          <Id>
            <Othr>
              <Id>0x0000000000000000000000000000000000002756</Id>
            </Othr>
          </Id>
        </CdtrAcct>
      </CdtTrfTxInf>
      <CdtTrfTxInf>
        <PmtId>
          <EndToEndId>SEIS-CNT-071</EndToEndId>
        </PmtId>
        <Amt>
          <InstdAmt Ccy="USD">9900.00</InstdAmt>
        </Amt>
        <Cdtr>
          <Nm>Contributor 071 (Software Engineer)</Nm>
        </Cdtr>
        <CdtrAcct>
          <Id>
            <Othr>
              <Id>0x0000000000000000000000000000000000002757</Id>
            </Othr>
          </Id>
        </CdtrAcct>
      </CdtTrfTxInf>
      <CdtTrfTxInf>
        <PmtId>
          <EndToEndId>SEIS-CNT-072</EndToEndId>
        </PmtId>
        <Amt>
          <InstdAmt Ccy="USD">9970.00</InstdAmt>
        </Amt>
        <Cdtr>
          <Nm>Contributor 072 (Software Engineer)</Nm>
        </Cdtr>
        <CdtrAcct>
          <Id>
            <Othr>
              <Id>0x0000000000000000000000000000000000002758</Id>
            </Othr>
          </Id>
        </CdtrAcct>
      </CdtTrfTxInf>
      <CdtTrfTxInf>
        <PmtId>
          <EndToEndId>SEIS-CNT-073</EndToEndId>
        </PmtId>
        <Amt>
          <InstdAmt Ccy="USD">10040.00</InstdAmt>
        </Amt>
        <Cdtr>
          <Nm>Contributor 073 (Software Engineer)</Nm>
        </Cdtr>
        <CdtrAcct>
          <Id>
            <Othr>
              <Id>0x0000000000000000000000000000000000002759</Id>
            </Othr>
          </Id>
        </CdtrAcct>
      </CdtTrfTxInf>
      <CdtTrfTxInf>
        <PmtId>
          <EndToEndId>SEIS-CNT-074</EndToEndId>
        </PmtId>
        <Amt>
          <InstdAmt Ccy="USD">10110.00</InstdAmt>
        </Amt>
        <Cdtr>
          <Nm>Contributor 074 (Software Engineer)</Nm>
        </Cdtr>
        <CdtrAcct>
          <Id>
            <Othr>
              <Id>0x000000000000000000000000000000000000275a</Id>
            </Othr>
          </Id>
        </CdtrAcct>
      </CdtTrfTxInf>
      <CdtTrfTxInf>
        <PmtId>
          <EndToEndId>SEIS-CNT-075</EndToEndId>
        </PmtId>
        <Amt>
          <InstdAmt Ccy="USD">10180.00</InstdAmt>
        </Amt>
        <Cdtr>
          <Nm>Contributor 075 (Software Engineer)</Nm>
        </Cdtr>
        <CdtrAcct>
          <Id>
            <Othr>
              <Id>0x000000000000000000000000000000000000275b</Id>
            </Othr>
          </Id>
        </CdtrAcct>
      </CdtTrfTxInf>
      <CdtTrfTxInf>
        <PmtId>
          <EndToEndId>SEIS-CNT-076</EndToEndId>
        </PmtId>
        <Amt>
          <InstdAmt Ccy="USD">10250.00</InstdAmt>
        </Amt>
        <Cdtr>
          <Nm>Contributor 076 (Software Engineer)</Nm>
        </Cdtr>
        <CdtrAcct>
          <Id>
            <Othr>
              <Id>0x000000000000000000000000000000000000275c</Id>
            </Othr>
          </Id>
        </CdtrAcct>
      </CdtTrfTxInf>
      <CdtTrfTxInf>
        <PmtId>
          <EndToEndId>SEIS-CNT-077</EndToEndId>
        </PmtId>
        <Amt>
          <InstdAmt Ccy="USD">10320.00</InstdAmt>
        </Amt>
        <Cdtr>
          <Nm>Contributor 077 (Software Engineer)</Nm>
        </Cdtr>
        <CdtrAcct>
          <Id>
            <Othr>
              <Id>0x000000000000000000000000000000000000275d</Id>
            </Othr>
          </Id>
        </CdtrAcct>
      </CdtTrfTxInf>
      <CdtTrfTxInf>
        <PmtId>
          <EndToEndId>SEIS-CNT-078</EndToEndId>
        </PmtId>
        <Amt>
          <InstdAmt Ccy="USD">10390.00</InstdAmt>
        </Amt>
        <Cdtr>
          <Nm>Contributor 078 (Software Engineer)</Nm>
        </Cdtr>
        <CdtrAcct>
          <Id>
            <Othr>
              <Id>0x000000000000000000000000000000000000275e</Id>
            </Othr>
          </Id>
        </CdtrAcct>
      </CdtTrfTxInf>
      <CdtTrfTxInf>
        <PmtId>
          <EndToEndId>SEIS-CNT-079</EndToEndId>
        </PmtId>
        <Amt>
          <InstdAmt Ccy="USD">10460.00</InstdAmt>
        </Amt>
        <Cdtr>
          <Nm>Contributor 079 (Software Engineer)</Nm>
        </Cdtr>
        <CdtrAcct>
          <Id>
            <Othr>
              <Id>0x000000000000000000000000000000000000275f</Id>
            </Othr>
          </Id>
        </CdtrAcct>
      </CdtTrfTxInf>
      <CdtTrfTxInf>
        <PmtId>
          <EndToEndId>SEIS-CNT-080</EndToEndId>
        </PmtId>
        <Amt>
          <InstdAmt Ccy="USD">10530.00</InstdAmt>
        </Amt>
        <Cdtr>
          <Nm>Contributor 080 (Software Engineer)</Nm>
        </Cdtr>
        <CdtrAcct>
          <Id>
            <Othr>
              <Id>0x0000000000000000000000000000000000002760</Id>
            </Othr>
          </Id>
        </CdtrAcct>
      </CdtTrfTxInf>
      <CdtTrfTxInf>
        <PmtId>
          <EndToEndId>SEIS-CNT-081</EndToEndId>
        </PmtId>
        <Amt>
          <InstdAmt Ccy="USD">10600.00</InstdAmt>
        </Amt>
        <Cdtr>
          <Nm>Contributor 081 (Software Engineer)</Nm>
        </Cdtr>
        <CdtrAcct>
          <Id>
            <Othr>
              <Id>0x0000000000000000000000000000000000002761</Id>
            </Othr>
          </Id>
        </CdtrAcct>
      </CdtTrfTxInf>
      <CdtTrfTxInf>
        <PmtId>
          <EndToEndId>SEIS-CNT-082</EndToEndId>
        </PmtId>
        <Amt>
          <InstdAmt Ccy="USD">10670.00</InstdAmt>
        </Amt>
        <Cdtr>
          <Nm>Contributor 082 (Software Engineer)</Nm>
        </Cdtr>
        <CdtrAcct>
          <Id>
            <Othr>
              <Id>0x0000000000000000000000000000000000002762</Id>
            </Othr>
          </Id>
        </CdtrAcct>
      </CdtTrfTxInf>
      <CdtTrfTxInf>
        <PmtId>
          <EndToEndId>SEIS-CNT-083</EndToEndId>
        </PmtId>
        <Amt>
          <InstdAmt Ccy="USD">10740.00</InstdAmt>
        </Amt>
        <Cdtr>
          <Nm>Contributor 083 (Software Engineer)</Nm>
        </Cdtr>
        <CdtrAcct>
          <Id>
            <Othr>
              <Id>0x0000000000000000000000000000000000002763</Id>
            </Othr>
          </Id>
        </CdtrAcct>
      </CdtTrfTxInf>
      <CdtTrfTxInf>
        <PmtId>
          <EndToEndId>SEIS-CNT-084</EndToEndId>
        </PmtId>
        <Amt>
          <InstdAmt Ccy="USD">10810.00</InstdAmt>
        </Amt>
        <Cdtr>
          <Nm>Contributor 084 (Software Engineer)</Nm>
        </Cdtr>
        <CdtrAcct>
          <Id>
            <Othr>
              <Id>0x0000000000000000000000000000000000002764</Id>
            </Othr>
          </Id>
        </CdtrAcct>
      </CdtTrfTxInf>
      <CdtTrfTxInf>
        <PmtId>
          <EndToEndId>SEIS-CNT-085</EndToEndId>
        </PmtId>
        <Amt>
          <InstdAmt Ccy="USD">10880.00</InstdAmt>
        </Amt>
        <Cdtr>
          <Nm>Contributor 085 (Software Engineer)</Nm>
        </Cdtr>
        <CdtrAcct>
          <Id>
            <Othr>
              <Id>0x0000000000000000000000000000000000002765</Id>
            </Othr>
          </Id>
        </CdtrAcct>
      </CdtTrfTxInf>
      <CdtTrfTxInf>
        <PmtId>
          <EndToEndId>SEIS-CNT-086</EndToEndId>
        </PmtId>
        <Amt>
          <InstdAmt Ccy="USD">10950.00</InstdAmt>
        </Amt>
        <Cdtr>
          <Nm>Contributor 086 (Software Engineer)</Nm>
        </Cdtr>
        <CdtrAcct>
          <Id>
            <Othr>
              <Id>0x0000000000000000000000000000000000002766</Id>
            </Othr>
          </Id>
        </CdtrAcct>
      </CdtTrfTxInf>
      <CdtTrfTxInf>
        <PmtId>
          <EndToEndId>SEIS-CNT-087</EndToEndId>
        </PmtId>
        <Amt>
          <InstdAmt Ccy="USD">11020.00</InstdAmt>
        </Amt>
        <Cdtr>
          <Nm>Contributor 087 (Software Engineer)</Nm>
        </Cdtr>
        <CdtrAcct>
          <Id>
            <Othr>
              <Id>0x0000000000000000000000000000000000002767</Id>
            </Othr>
          </Id>
        </CdtrAcct>
      </CdtTrfTxInf>
      <CdtTrfTxInf>
        <PmtId>
          <EndToEndId>SEIS-CNT-088</EndToEndId>
        </PmtId>
        <Amt>
          <InstdAmt Ccy="USD">11090.00</InstdAmt>
        </Amt>
        <Cdtr>
          <Nm>Contributor 088 (Software Engineer)</Nm>
        </Cdtr>
        <CdtrAcct>
          <Id>
            <Othr>
              <Id>0x0000000000000000000000000000000000002768</Id>
            </Othr>
          </Id>
        </CdtrAcct>
      </CdtTrfTxInf>
      <CdtTrfTxInf>
        <PmtId>
          <EndToEndId>SEIS-CNT-089</EndToEndId>
        </PmtId>
        <Amt>
          <InstdAmt Ccy="USD">11160.00</InstdAmt>
        </Amt>
        <Cdtr>
          <Nm>Contributor 089 (Software Engineer)</Nm>
        </Cdtr>
        <CdtrAcct>
          <Id>
            <Othr>
              <Id>0x0000000000000000000000000000000000002769</Id>
            </Othr>
          </Id>
        </CdtrAcct>
      </CdtTrfTxInf>
      <CdtTrfTxInf>
        <PmtId>
          <EndToEndId>SEIS-CNT-090</EndToEndId>
        </PmtId>
        <Amt>
          <InstdAmt Ccy="USD">11230.00</InstdAmt>
        </Amt>
        <Cdtr>
          <Nm>Contributor 090 (Software Engineer)</Nm>
        </Cdtr>
        <CdtrAcct>
          <Id>
            <Othr>
              <Id>0x000000000000000000000000000000000000276a</Id>
            </Othr>
          </Id>
        </CdtrAcct>
      </CdtTrfTxInf>
      <CdtTrfTxInf>
        <PmtId>
          <EndToEndId>SEIS-CNT-091</EndToEndId>
        </PmtId>
        <Amt>
          <InstdAmt Ccy="USD">11300.00</InstdAmt>
        </Amt>
        <Cdtr>
          <Nm>Contributor 091 (Software Engineer)</Nm>
        </Cdtr>
        <CdtrAcct>
          <Id>
            <Othr>
              <Id>0x000000000000000000000000000000000000276b</Id>
            </Othr>
          </Id>
        </CdtrAcct>
      </CdtTrfTxInf>
      <CdtTrfTxInf>
        <PmtId>
          <EndToEndId>SEIS-CNT-092</EndToEndId>
        </PmtId>
        <Amt>
          <InstdAmt Ccy="USD">11370.00</InstdAmt>
        </Amt>
        <Cdtr>
          <Nm>Contributor 092 (Software Engineer)</Nm>
        </Cdtr>
        <CdtrAcct>
          <Id>
            <Othr>
              <Id>0x000000000000000000000000000000000000276c</Id>
            </Othr>
          </Id>
        </CdtrAcct>
      </CdtTrfTxInf>
      <CdtTrfTxInf>
        <PmtId>
          <EndToEndId>SEIS-CNT-093</EndToEndId>
        </PmtId>
        <Amt>
          <InstdAmt Ccy="USD">11440.00</InstdAmt>
        </Amt>
        <Cdtr>
          <Nm>Contributor 093 (Software Engineer)</Nm>
        </Cdtr>
        <CdtrAcct>
          <Id>
            <Othr>
              <Id>0x000000000000000000000000000000000000276d</Id>
            </Othr>
          </Id>
        </CdtrAcct>
      </CdtTrfTxInf>
      <CdtTrfTxInf>
        <PmtId>
          <EndToEndId>SEIS-CNT-094</EndToEndId>
        </PmtId>
        <Amt>
          <InstdAmt Ccy="USD">11510.00</InstdAmt>
        </Amt>
        <Cdtr>
          <Nm>Contributor 094 (Software Engineer)</Nm>
        </Cdtr>
        <CdtrAcct>
          <Id>
            <Othr>
              <Id>0x000000000000000000000000000000000000276e</Id>
            </Othr>
          </Id>
        </CdtrAcct>
      </CdtTrfTxInf>
      <CdtTrfTxInf>
        <PmtId>
          <EndToEndId>SEIS-CNT-095</EndToEndId>
        </PmtId>
        <Amt>
          <InstdAmt Ccy="USD">11580.00</InstdAmt>
        </Amt>
        <Cdtr>
          <Nm>Contributor 095 (Software Engineer)</Nm>
        </Cdtr>
        <CdtrAcct>
          <Id>
            <Othr>
              <Id>0x000000000000000000000000000000000000276f</Id>
            </Othr>
          </Id>
        </CdtrAcct>
      </CdtTrfTxInf>
      <CdtTrfTxInf>
        <PmtId>
          <EndToEndId>SEIS-CNT-096</EndToEndId>
        </PmtId>
        <Amt>
          <InstdAmt Ccy="USD">11650.00</InstdAmt>
        </Amt>
        <Cdtr>
          <Nm>Contributor 096 (Software Engineer)</Nm>
        </Cdtr>
        <CdtrAcct>
          <Id>
            <Othr>
              <Id>0x0000000000000000000000000000000000002770</Id>
            </Othr>
          </Id>
        </CdtrAcct>
      </CdtTrfTxInf>
      <CdtTrfTxInf>
        <PmtId>
          <EndToEndId>SEIS-CNT-097</EndToEndId>
        </PmtId>
        <Amt>
          <InstdAmt Ccy="USD">11720.00</InstdAmt>
        </Amt>
        <Cdtr>
          <Nm>Contributor 097 (Software Engineer)</Nm>
        </Cdtr>
        <CdtrAcct>
          <Id>
            <Othr>
              <Id>0x0000000000000000000000000000000000002771</Id>
            </Othr>
          </Id>
        </CdtrAcct>
      </CdtTrfTxInf>
      <CdtTrfTxInf>
        <PmtId>
          <EndToEndId>SEIS-CNT-098</EndToEndId>
        </PmtId>
        <Amt>
          <InstdAmt Ccy="USD">11790.00</InstdAmt>
        </Amt>
        <Cdtr>
          <Nm>Contributor 098 (Software Engineer)</Nm>
        </Cdtr>
        <CdtrAcct>
          <Id>
            <Othr>
              <Id>0x0000000000000000000000000000000000002772</Id>
            </Othr>
          </Id>
        </CdtrAcct>
      </CdtTrfTxInf>
      <CdtTrfTxInf>
        <PmtId>
          <EndToEndId>SEIS-CNT-099</EndToEndId>
        </PmtId>
        <Amt>
          <InstdAmt Ccy="USD">11860.00</InstdAmt>
        </Amt>
        <Cdtr>
          <Nm>Contributor 099 (Software Engineer)</Nm>
        </Cdtr>
        <CdtrAcct>
          <Id>
            <Othr>
              <Id>0x0000000000000000000000000000000000002773</Id>
            </Othr>
          </Id>
        </CdtrAcct>
      </CdtTrfTxInf>
      <CdtTrfTxInf>
        <PmtId>
          <EndToEndId>SEIS-CNT-100</EndToEndId>
        </PmtId>
        <Amt>
          <InstdAmt Ccy="USD">11930.00</InstdAmt>
        </Amt>
        <Cdtr>
          <Nm>Contributor 100 (Software Engineer)</Nm>
        </Cdtr>
        <CdtrAcct>
          <Id>
            <Othr>
              <Id>0x0000000000000000000000000000000000002774</Id>
            </Othr>
          </Id>
        </CdtrAcct>
      </CdtTrfTxInf>
    </PmtInf>
  </CstmrCdtTrfInitn>
</Document>
